<?xml version="1.0" encoding="utf-8"?>

<collection>
<record><leader>00811 cm a22002294a 4500</leader><controlfield tag="001">jykdok.1000095</controlfield><controlfield tag="005">20090811131846.0</controlfield><controlfield tag="007">qu</controlfield><controlfield tag="008">930101s1984    xxk||b|||||||||||||||||||</controlfield><datafield tag="028" ind1="0" ind2="0"><subfield code="b">Eulenburg</subfield><subfield code="a">1809</subfield></datafield><datafield tag="028" ind1="2" ind2="0"><subfield code="b">Eulenburg</subfield><subfield code="a">EE6785</subfield></datafield><datafield tag="035" ind1=" " ind2=" "><subfield code="a">1000095</subfield></datafield><datafield tag="084" ind1=" " ind2=" "><subfield code="a">78.5565</subfield><subfield code="2">ykl</subfield></datafield><datafield tag="100" ind1="1" ind2=" "><subfield code="a">Rodrigo, Joaquín,</subfield><subfield code="e">säv.</subfield></datafield><datafield tag="240" ind1="1" ind2="0"><subfield code="a">Concierto de Aranjuez</subfield></datafield><datafield tag="245" ind1="1" ind2="0"><subfield code="a">Concierto de Aranjuez</subfield><subfield code="h">[Nuottijulkaisu] :</subfield><subfield code="b">for guitar and orchestra /</subfield><subfield code="c">Joaquin Rodrigo.</subfield></datafield><datafield tag="260" ind1=" " ind2=" "><subfield code="a">London :</subfield><subfield code="b">Eulenburg,</subfield><subfield code="c">[1984]</subfield></datafield><datafield tag="300" ind1=" " ind2=" "><subfield code="a">1 pienoispartituuri (90 s.)</subfield></datafield><datafield tag="500" ind1=" " ind2=" "><subfield code="a">Soitinnus: Kitara, ork.</subfield></datafield><datafield tag="650" ind1=" " ind2="7"><subfield code="a">konsertot</subfield><subfield code="x">kitara</subfield><subfield code="z">Espanja</subfield><subfield code="y">1930-luku</subfield><subfield code="2">musa</subfield></datafield><datafield tag="852" ind1="8" ind2=" "><subfield code="b">2205</subfield><subfield code="h">MUS 78.5565</subfield><subfield code="i">Rodrigo</subfield><subfield code="9">JYK</subfield></datafield><datafield tag="949" ind1=" " ind2=" "><subfield code="a">jykdb</subfield><subfield code="b">JYK</subfield><subfield code="c">Musiikin laitos (M Musica). Partituurit. Ei kotilainaan</subfield><subfield code="d">MUS 78.5565</subfield><subfield code="e">available</subfield><subfield code="f">1</subfield><subfield code="g">0</subfield><subfield code="h">N</subfield><subfield code="i">0</subfield><subfield code="j">2205</subfield></datafield><datafield tag="995" ind1=" " ind2=" "><subfield code="a">jykdok.1000095</subfield></datafield></record>