
<record><leader>02127cam a2200565 a 4500</leader><controlfield tag="001">jykdok.1000189</controlfield><controlfield tag="005">20081216100357.0</controlfield><controlfield tag="008">060913s2006    fi |||||||||||||||||fin| </controlfield><datafield tag="015" ind1=" " ind2=" "><subfield code="a">fx839915</subfield><subfield code="2">skl</subfield></datafield><datafield tag="020" ind1=" " ind2=" "><subfield code="a">951-768-191-7 (nid.)</subfield></datafield><datafield tag="020" ind1=" " ind2=" "><subfield code="a">978-951-768-191-9 (nid.)</subfield></datafield><datafield tag="035" ind1=" " ind2=" "><subfield code="a">1000189</subfield></datafield><datafield tag="041" ind1="0" ind2=" "><subfield code="a">fin</subfield></datafield><datafield tag="072" ind1=" " ind2="7"><subfield code="a">60</subfield><subfield code="2">kkaa</subfield></datafield><datafield tag="080" ind1=" " ind2=" "><subfield code="a">316.7</subfield></datafield><datafield tag="084" ind1=" " ind2=" "><subfield code="a">30.12</subfield><subfield code="2">ykl</subfield></datafield><datafield tag="100" ind1="1" ind2=" "><subfield code="a">Puuronen, Vesa.</subfield></datafield><datafield tag="245" ind1="1" ind2="0"><subfield code="a">Nuorisotutkimus /</subfield><subfield code="c">Vesa Puuronen.</subfield></datafield><datafield tag="260" ind1=" " ind2=" "><subfield code="a">Tampere :</subfield><subfield code="b">Vastapaino,</subfield><subfield code="c">2006</subfield><subfield code="f">(Juvenes Print)</subfield></datafield><datafield tag="300" ind1=" " ind2=" "><subfield code="a">312 s. :</subfield><subfield code="b">kuv. ;</subfield><subfield code="c">21 cm.</subfield></datafield><datafield tag="593" ind1=" " ind2=" "><subfield code="a">VYUNETp09, YSOGp09</subfield></datafield><datafield tag="650" ind1=" " ind2="7"><subfield code="a">nuoret</subfield><subfield code="2">ysa</subfield></datafield><datafield tag="650" ind1=" " ind2="7"><subfield code="a">tutkimus</subfield><subfield code="2">ysa</subfield></datafield><datafield tag="650" ind1=" " ind2="7"><subfield code="a">nuorisokulttuuri</subfield><subfield code="2">ysa</subfield></datafield><datafield tag="650" ind1=" " ind2="7"><subfield code="a">nuorisososiologia</subfield><subfield code="2">ysa</subfield></datafield><datafield tag="650" ind1=" " ind2="7"><subfield code="a">nuoruus</subfield><subfield code="2">ysa</subfield></datafield><datafield tag="650" ind1=" " ind2="7"><subfield code="a">historia</subfield><subfield code="2">ysa</subfield></datafield><datafield tag="650" ind1=" " ind2="7"><subfield code="a">monikulttuurisuus</subfield><subfield code="2">ysa</subfield></datafield><datafield tag="650" ind1=" " ind2="7"><subfield code="a">tytöt</subfield><subfield code="2">ysa</subfield></datafield><datafield tag="650" ind1=" " ind2="7"><subfield code="a">osakulttuurit</subfield><subfield code="2">ysa</subfield></datafield><datafield tag="650" ind1=" " ind2="7"><subfield code="a">postmodernismi</subfield><subfield code="2">ysa</subfield></datafield><datafield tag="650" ind1=" " ind2="7"><subfield code="a">nuorisotutkimus</subfield><subfield code="2">ysa</subfield></datafield><datafield tag="650" ind1=" " ind2="7"><subfield code="a">Young people</subfield><subfield code="2">helecon</subfield></datafield><datafield tag="650" ind1=" " ind2="7"><subfield code="a">Population</subfield><subfield code="2">helecon</subfield></datafield><datafield tag="650" ind1=" " ind2="7"><subfield code="a">Social sciences</subfield><subfield code="2">helecon</subfield></datafield><datafield tag="650" ind1=" " ind2="7"><subfield code="a">Research methods</subfield><subfield code="2">helecon</subfield></datafield><datafield tag="852" ind1="8" ind2=" "><subfield code="b">115</subfield><subfield code="h">P Kurssik LYH Puuronen</subfield><subfield code="9">JYK</subfield></datafield><datafield tag="852" ind1="8" ind2=" "><subfield code="b">116</subfield><subfield code="h">P Ls Kurssik Puuronen</subfield><subfield code="9">JYK</subfield></datafield><datafield tag="852" ind1="8" ind2=" "><subfield code="b">6002</subfield><subfield code="h">CHY Kurssik Puuronen</subfield><subfield code="9">JYK</subfield></datafield><datafield tag="852" ind1="8" ind2=" "><subfield code="b">121</subfield><subfield code="h">P 0171739</subfield><subfield code="9">JYK</subfield></datafield><datafield tag="852" ind1="8" ind2=" "><subfield code="b">111</subfield><subfield code="h">P Kurssik Puuronen</subfield><subfield code="9">JYK</subfield></datafield><datafield tag="852" ind1=" " ind2=" "><subfield code="a">FI-P</subfield><subfield code="b">Kurssik</subfield><subfield code="t">10</subfield></datafield><datafield tag="852" ind1=" " ind2=" "><subfield code="a">FI-P</subfield><subfield code="b">Kurssik</subfield><subfield code="c">Ls</subfield><subfield code="t">1</subfield></datafield><datafield tag="852" ind1=" " ind2=" "><subfield code="a">FI-P</subfield><subfield code="b">KurssikK</subfield><subfield code="c">Ls</subfield><subfield code="t">1</subfield></datafield><datafield tag="852" ind1=" " ind2=" "><subfield code="a">FI-P</subfield><subfield code="c">0171739</subfield></datafield><datafield tag="949" ind1=" " ind2=" "><subfield code="a">jykdb</subfield><subfield code="b">JYK</subfield><subfield code="c">*Pääkirjasto. Kurssikirjat. 1.krs. Lyhytlaina.</subfield><subfield code="d">P Kurssik LYH Puuronen</subfield><subfield code="e">available</subfield><subfield code="f">1</subfield><subfield code="g">0</subfield><subfield code="h">N</subfield><subfield code="i">0</subfield><subfield code="j">115</subfield></datafield><datafield tag="949" ind1=" " ind2=" "><subfield code="a">jykdb</subfield><subfield code="b">JYK</subfield><subfield code="c">*Pääkirjasto. Lukusalikurssikirjat. 1.krs. Käsikirjat</subfield><subfield code="d">P Ls Kurssik Puuronen</subfield><subfield code="e">available</subfield><subfield code="f">1</subfield><subfield code="g">0</subfield><subfield code="h">N</subfield><subfield code="i">0</subfield><subfield code="j">116</subfield></datafield><datafield tag="949" ind1=" " ind2=" "><subfield code="a">jykdb</subfield><subfield code="b">JYK</subfield><subfield code="c">Kokkolan yliopistokeskus. Kurssik. Laina-aika 14 vrk.</subfield><subfield code="d">CHY Kurssik Puuronen</subfield><subfield code="e">available</subfield><subfield code="f">5</subfield><subfield code="g">1</subfield><subfield code="h">N</subfield><subfield code="i">17</subfield><subfield code="j">6002</subfield></datafield><datafield tag="949" ind1=" " ind2=" "><subfield code="a">jykdb</subfield><subfield code="b">JYK</subfield><subfield code="c">Pääkirjasto. Vapaakappaleet. Varasto. Ei kotilainaan</subfield><subfield code="d">P 0171739</subfield><subfield code="e">unavailable</subfield><subfield code="f">1</subfield><subfield code="g">1</subfield><subfield code="h">N</subfield><subfield code="i">2</subfield><subfield code="j">121</subfield></datafield><datafield tag="949" ind1=" " ind2=" "><subfield code="a">jykdb</subfield><subfield code="b">JYK</subfield><subfield code="c">*Pääkirjasto. Kurssikirjat. 1.krs. Laina-aika 14 vrk.</subfield><subfield code="d">P Kurssik Puuronen</subfield><subfield code="e">available</subfield><subfield code="f">10</subfield><subfield code="g">4</subfield><subfield code="h">N</subfield><subfield code="i">63</subfield><subfield code="j">111</subfield></datafield><datafield tag="995" ind1=" " ind2=" "><subfield code="a">dedup4efdc8cd7412b</subfield></datafield></record>