
<record><leader>00864cam a22002414a 4500</leader><controlfield tag="001">jykdok.1000281</controlfield><controlfield tag="005">20081216100401.0</controlfield><controlfield tag="008">061130s2005    fi ||||||m   |||||||fin||</controlfield><datafield tag="035" ind1=" " ind2=" "><subfield code="a">1000281</subfield></datafield><datafield tag="041" ind1="0" ind2=" "><subfield code="a">fin</subfield></datafield><datafield tag="100" ind1="1" ind2=" "><subfield code="a">Ruuth, Sanna.</subfield></datafield><datafield tag="245" ind1="1" ind2="0"><subfield code="a">Sosiaalipedagoginen hevostoiminta :</subfield><subfield code="b">syrjäytymisen ehkäisyn ja sosiaalisen kuntoutuksen työväline /</subfield><subfield code="c">Sanna Ruuth.</subfield></datafield><datafield tag="260" ind1=" " ind2=" "><subfield code="a">Jyväskylä,</subfield><subfield code="c">2005.</subfield></datafield><datafield tag="300" ind1=" " ind2=" "><subfield code="a">62 s.</subfield></datafield><datafield tag="509" ind1=" " ind2=" "><subfield code="a">Pro gradu -työ :</subfield><subfield code="c">Jyväskylän yliopisto, erityispedagogiikan laitos.</subfield><subfield code="9">101.</subfield></datafield><datafield tag="579" ind1=" " ind2=" "><subfield code="a">XLUETTELOITU</subfield></datafield><datafield tag="650" ind1=" " ind2="7"><subfield code="a">sosiaalipedagogiikka</subfield><subfield code="2">ysa</subfield></datafield><datafield tag="650" ind1=" " ind2="7"><subfield code="a">sosiaalinen kuntoutus</subfield><subfield code="2">ysa</subfield></datafield><datafield tag="650" ind1=" " ind2="7"><subfield code="a">ratsastusterapia</subfield><subfield code="2">ysa</subfield></datafield><datafield tag="650" ind1=" " ind2="7"><subfield code="a">syrjäytyminen</subfield><subfield code="2">ysa</subfield></datafield><datafield tag="650" ind1=" " ind2="7"><subfield code="a">yhteisöllisyys</subfield><subfield code="2">ysa</subfield></datafield><datafield tag="852" ind1="8" ind2=" "><subfield code="b">1010</subfield><subfield code="h">ER Gradu Ruuth</subfield><subfield code="9">JYK</subfield></datafield><datafield tag="949" ind1=" " ind2=" "><subfield code="a">jykdb</subfield><subfield code="b">JYK</subfield><subfield code="c">Erityispedagogiikka. Ei kotilainaan</subfield><subfield code="d">ER Gradu Ruuth</subfield><subfield code="e">available</subfield><subfield code="f">1</subfield><subfield code="g">0</subfield><subfield code="h">N</subfield><subfield code="i">0</subfield><subfield code="j">1010</subfield></datafield><datafield tag="995" ind1=" " ind2=" "><subfield code="a">jykdok.1000281</subfield></datafield></record>