
<record><leader>00662cam a22002054a 4500</leader><controlfield tag="001">jykdok.1000374</controlfield><controlfield tag="005">20081216100405.0</controlfield><controlfield tag="008">060324s2006    fi |||||||||||||||d|fin||</controlfield><datafield tag="015" ind1=" " ind2=" "><subfield code="a">fx821137</subfield><subfield code="2">skl</subfield></datafield><datafield tag="020" ind1=" " ind2=" "><subfield code="a">952-480-025-X (nid.)</subfield></datafield><datafield tag="035" ind1=" " ind2=" "><subfield code="a">1000374</subfield></datafield><datafield tag="041" ind1="0" ind2=" "><subfield code="a">fin</subfield></datafield><datafield tag="080" ind1=" " ind2=" "><subfield code="a">894.541</subfield><subfield code="x">-2</subfield></datafield><datafield tag="100" ind1="1" ind2=" "><subfield code="a">Klemola, Leea.</subfield></datafield><datafield tag="245" ind1="1" ind2="0"><subfield code="a">Jessika - vapaana syntynyt :</subfield><subfield code="b">näytelmä /</subfield><subfield code="c">Leea Klemola.</subfield></datafield><datafield tag="260" ind1=" " ind2=" "><subfield code="a">Helsinki :</subfield><subfield code="b">Kirja kerrallaan :</subfield><subfield code="b">Lasipalatsi,</subfield><subfield code="c">2006.</subfield></datafield><datafield tag="300" ind1=" " ind2=" "><subfield code="a">123 s. ;</subfield><subfield code="c">20 cm.</subfield></datafield><datafield tag="852" ind1="8" ind2=" "><subfield code="b">121</subfield><subfield code="h">P 0158739</subfield><subfield code="9">JYK</subfield></datafield><datafield tag="852" ind1=" " ind2=" "><subfield code="a">FI-P</subfield><subfield code="c">0158739</subfield></datafield><datafield tag="949" ind1=" " ind2=" "><subfield code="a">jykdb</subfield><subfield code="b">JYK</subfield><subfield code="c">Pääkirjasto. Vapaakappaleet. Varasto. Ei kotilainaan</subfield><subfield code="d">P 0158739</subfield><subfield code="e">available</subfield><subfield code="f">1</subfield><subfield code="g">0</subfield><subfield code="h">N</subfield><subfield code="i">0</subfield><subfield code="j">121</subfield></datafield><datafield tag="995" ind1=" " ind2=" "><subfield code="a">dedup4efdcb7c9058c</subfield></datafield></record>