
<record><leader>01673 am a22004094a 4500</leader><controlfield tag="001">jykdok.1000467</controlfield><controlfield tag="005">20090811131851.0</controlfield><controlfield tag="008">051220s2006    fi ||||||m   |||||||eng||</controlfield><datafield tag="015" ind1=" " ind2=" "><subfield code="a">fx825258</subfield><subfield code="2">skl</subfield></datafield><datafield tag="020" ind1=" " ind2=" "><subfield code="a">952-91-9839-6 (nid.)</subfield></datafield><datafield tag="035" ind1=" " ind2=" "><subfield code="a">1000467</subfield></datafield><datafield tag="041" ind1="0" ind2=" "><subfield code="a">eng</subfield></datafield><datafield tag="072" ind1=" " ind2="7"><subfield code="a">48.1</subfield><subfield code="2">kkaa</subfield></datafield><datafield tag="080" ind1=" " ind2=" "><subfield code="a">616</subfield></datafield><datafield tag="080" ind1=" " ind2=" "><subfield code="a">57</subfield></datafield><datafield tag="100" ind1="1" ind2=" "><subfield code="a">Hodgson, Ulla.</subfield></datafield><datafield tag="245" ind1="1" ind2="0"><subfield code="a">Idiopathic pulmonary fibrosis :</subfield><subfield code="b">from epidemiology to gene mapping /</subfield><subfield code="c">Ulla Hodgson.</subfield></datafield><datafield tag="260" ind1=" " ind2=" "><subfield code="a">[Espoo] :</subfield><subfield code="b">[Ulla Hodgson],</subfield><subfield code="c">2006</subfield><subfield code="e">(Helsinki :</subfield><subfield code="f">Yliopistopaino)</subfield></datafield><datafield tag="300" ind1=" " ind2=" "><subfield code="a">82, [36] s. :</subfield><subfield code="b">kuv., kartt. ;</subfield><subfield code="c">25 cm.</subfield></datafield><datafield tag="500" ind1=" " ind2=" "><subfield code="a">Tiivistelmä ja 4 erip.</subfield></datafield><datafield tag="500" ind1=" " ind2=" "><subfield code="a">Nimiösivulla myös: Department of Pulmonary Medicine, Helsinki University Central Hospital, and Department of Medical Genetics, University of Helsinki</subfield></datafield><datafield tag="502" ind1=" " ind2=" "><subfield code="a">Diss.</subfield><subfield code="c">Helsingin yliopisto.</subfield></datafield><datafield tag="530" ind1=" " ind2=" "><subfield code="a">Myös verkkojulkaisuna (ISBN 952-10-2879-3, PDF).</subfield></datafield><datafield tag="650" ind1=" " ind2="7"><subfield code="a">keuhkosairaudet</subfield><subfield code="2">ysa</subfield></datafield><datafield tag="650" ind1=" " ind2="7"><subfield code="a">keuhkofibroosi</subfield><subfield code="2">ysa</subfield></datafield><datafield tag="650" ind1=" " ind2="7"><subfield code="a">geenikartoitus</subfield><subfield code="2">ysa</subfield></datafield><datafield tag="650" ind1=" " ind2="7"><subfield code="a">perinnöllisyys</subfield><subfield code="2">ysa</subfield></datafield><datafield tag="650" ind1=" " ind2="2"><subfield code="a">pulmonary fibrosis</subfield><subfield code="x">epidemiology</subfield></datafield><datafield tag="650" ind1=" " ind2="2"><subfield code="a">pulmonary fibrosis</subfield><subfield code="x">genetics</subfield></datafield><datafield tag="650" ind1=" " ind2="2"><subfield code="a">genetic predisposition to disease</subfield></datafield><datafield tag="650" ind1=" " ind2="2"><subfield code="a">polymorphism, genetic</subfield></datafield><datafield tag="650" ind1=" " ind2="7"><subfield code="a">lungsjukdomar</subfield><subfield code="2">allars</subfield></datafield><datafield tag="650" ind1=" " ind2="7"><subfield code="a">genkartläggning</subfield><subfield code="2">allars</subfield></datafield><datafield tag="852" ind1="8" ind2=" "><subfield code="b">121</subfield><subfield code="h">P 0158768</subfield><subfield code="9">JYK</subfield></datafield><datafield tag="852" ind1=" " ind2=" "><subfield code="a">FI-P</subfield><subfield code="c">0158768</subfield></datafield><datafield tag="856" ind1="4" ind2="2"><subfield code="3">Tiivistelmä</subfield><subfield code="u">http://savotta.helsinki.fi/halvi/tiedotus/vaitokset.nsf/b688d98986c9e9edc2256a4c003e4ba9/c09400ec874b6237c2257117002db16d?OpenDocument base target=_blank</subfield><subfield code="q">HTML</subfield></datafield><datafield tag="949" ind1=" " ind2=" "><subfield code="a">jykdb</subfield><subfield code="b">JYK</subfield><subfield code="c">Pääkirjasto. Vapaakappaleet. Varasto. Ei kotilainaan</subfield><subfield code="d">P 0158768</subfield><subfield code="e">available</subfield><subfield code="f">1</subfield><subfield code="g">0</subfield><subfield code="h">N</subfield><subfield code="i">0</subfield><subfield code="j">121</subfield></datafield><datafield tag="995" ind1=" " ind2=" "><subfield code="a">dedup4efdcf7a0202f</subfield></datafield></record>