
<record><leader>01223 am a22004214a 4500</leader><controlfield tag="001">jykdok.1000558</controlfield><controlfield tag="005">20090811131852.0</controlfield><controlfield tag="008">030813s2004    xxu|||||||||||||||||eng||</controlfield><datafield tag="020" ind1=" " ind2=" "><subfield code="a">0-321-17385-6 :</subfield><subfield code="c">68,80 EUR</subfield></datafield><datafield tag="024" ind1="3" ind2=" "><subfield code="a">9780321173850</subfield></datafield><datafield tag="035" ind1=" " ind2=" "><subfield code="a">1000558</subfield></datafield><datafield tag="041" ind1="0" ind2=" "><subfield code="a">eng</subfield></datafield><datafield tag="080" ind1=" " ind2=" "><subfield code="a">004.45</subfield></datafield><datafield tag="080" ind1=" " ind2=" "><subfield code="a">004.62</subfield></datafield><datafield tag="080" ind1=" " ind2=" "><subfield code="a">004.91</subfield></datafield><datafield tag="080" ind1=" " ind2=" "><subfield code="a">004.43 LATEX</subfield></datafield><datafield tag="080" ind1=" " ind2=" "><subfield code="a">655.26</subfield></datafield><datafield tag="080" ind1=" " ind2=" "><subfield code="a">651.011.56</subfield></datafield><datafield tag="080" ind1=" " ind2=" "><subfield code="a">681.3.06 LATEX</subfield></datafield><datafield tag="080" ind1=" " ind2=" "><subfield code="a">AMS:68N99</subfield></datafield><datafield tag="080" ind1=" " ind2=" "><subfield code="a">AMS:68U15</subfield></datafield><datafield tag="100" ind1="1" ind2=" "><subfield code="a">Kopka, Helmut.</subfield></datafield><datafield tag="245" ind1="1" ind2="0"><subfield code="a">Guide to LATEX /</subfield><subfield code="c">Helmut Kopka, Patrick W. Daly.</subfield></datafield><datafield tag="250" ind1=" " ind2=" "><subfield code="a">4th ed.</subfield></datafield><datafield tag="260" ind1=" " ind2=" "><subfield code="a">Boston, MA :</subfield><subfield code="b">Addison-Wesley,</subfield><subfield code="c">cop. 2004.</subfield></datafield><datafield tag="300" ind1=" " ind2=" "><subfield code="a">xii, 597 s. +</subfield><subfield code="e">1 CD-ROM.</subfield></datafield><datafield tag="630" ind1="0" ind2="4"><subfield code="a">LaTeX (Computer file)</subfield></datafield><datafield tag="650" ind1=" " ind2="7"><subfield code="a">atk-ohjelmat</subfield><subfield code="2">ysa</subfield></datafield><datafield tag="650" ind1=" " ind2="7"><subfield code="a">ladonta</subfield><subfield code="2">ysa</subfield></datafield><datafield tag="650" ind1=" " ind2="7"><subfield code="a">tekstinkäsittely</subfield><subfield code="2">ysa</subfield></datafield><datafield tag="650" ind1=" " ind2="7"><subfield code="a">matematiikka</subfield><subfield code="2">ysa</subfield></datafield><datafield tag="650" ind1=" " ind2="7"><subfield code="a">LaTeX</subfield><subfield code="2">ysa</subfield></datafield><datafield tag="650" ind1=" " ind2="0"><subfield code="a">Computerized typesetting</subfield></datafield><datafield tag="650" ind1=" " ind2="7"><subfield code="a">sättning</subfield><subfield code="x">dataprogram</subfield><subfield code="2">allars</subfield></datafield><datafield tag="650" ind1=" " ind2="7"><subfield code="a">textbehandling</subfield><subfield code="2">allars</subfield></datafield><datafield tag="700" ind1="1" ind2=" "><subfield code="a">Daly, Patrick W.</subfield></datafield><datafield tag="852" ind1="8" ind2=" "><subfield code="b">6001</subfield><subfield code="h">CHY 681 Kopka</subfield><subfield code="9">JYK</subfield></datafield><datafield tag="949" ind1=" " ind2=" "><subfield code="a">jykdb</subfield><subfield code="b">JYK</subfield><subfield code="c">Kokkolan yliopistokeskus. Kirjat. Laina-aika 14 vrk.</subfield><subfield code="d">CHY 681 Kopka</subfield><subfield code="e">available</subfield><subfield code="f">5</subfield><subfield code="g">2</subfield><subfield code="h">N</subfield><subfield code="i">3</subfield><subfield code="j">6001</subfield></datafield><datafield tag="995" ind1=" " ind2=" "><subfield code="a">jykdok.1000558</subfield></datafield></record>