
<record><leader>00966cam a22002417a 4500</leader><controlfield tag="001">jykdok.99223</controlfield><controlfield tag="005">20081215152533.0</controlfield><controlfield tag="008">860204s1985    fi |||||||||||||||||eng||</controlfield><datafield tag="020" ind1=" " ind2=" "><subfield code="a">951-714-085-1 (nid.)</subfield></datafield><datafield tag="035" ind1=" " ind2=" "><subfield code="a">99223</subfield></datafield><datafield tag="041" ind1="1" ind2=" "><subfield code="a">eng</subfield><subfield code="h">fin</subfield></datafield><datafield tag="080" ind1=" " ind2=" "><subfield code="a">331</subfield></datafield><datafield tag="080" ind1=" " ind2=" "><subfield code="a">331.105.44</subfield><subfield code="x">(091)</subfield></datafield><datafield tag="100" ind1="1" ind2=" "><subfield code="a">Valkonen, Marjaana.</subfield></datafield><datafield tag="240" ind1="1" ind2="0"><subfield code="a">Suomen ammattiliittojen keskusjärjestö 1907-1982</subfield></datafield><datafield tag="245" ind1="1" ind2="4"><subfield code="a">The Central Organization of Finnish Trade Unions 1907-82 /</subfield><subfield code="c">[Marjaana Valkonen] ; [pictures: ...Yrjö Lintunen] ; [transl.: Greg Coogan].</subfield></datafield><datafield tag="260" ind1=" " ind2=" "><subfield code="a">[Hki] :</subfield><subfield code="b">SAK [Suomen ammattiliittojen keskusjärjestö],</subfield><subfield code="c">1985</subfield><subfield code="f">(Painokaari)</subfield></datafield><datafield tag="300" ind1=" " ind2=" "><subfield code="a">60 s. :</subfield><subfield code="b">kuv. ;</subfield><subfield code="c">21 cm.</subfield></datafield><datafield tag="610" ind1="2" ind2="4"><subfield code="a">Suomen ammattiliittojen keskusjärjestö.</subfield></datafield><datafield tag="700" ind1="1" ind2=" "><subfield code="a">Coogan, Gregory.</subfield></datafield><datafield tag="852" ind1="8" ind2=" "><subfield code="b">121</subfield><subfield code="h">P JAb Valkonen Marjaana</subfield><subfield code="t">Copy 1</subfield><subfield code="9">JYK</subfield></datafield><datafield tag="852" ind1=" " ind2=" "><subfield code="a">FI-P</subfield><subfield code="c">JAb</subfield></datafield><datafield tag="949" ind1=" " ind2=" "><subfield code="a">jykdb</subfield><subfield code="b">JYK</subfield><subfield code="c">Pääkirjasto. Vapaakappaleet. Varasto. Ei kotilainaan</subfield><subfield code="d">P JAb Valkonen Marjaana</subfield><subfield code="e">available</subfield><subfield code="f">1</subfield><subfield code="g">0</subfield><subfield code="h">N</subfield><subfield code="i">0</subfield><subfield code="j">121</subfield></datafield><datafield tag="995" ind1=" " ind2=" "><subfield code="a">dedup4efdd00876406</subfield></datafield></record>