
<record><leader>00770cca a22002174ar4500</leader><controlfield tag="001">jykdok.992323</controlfield><controlfield tag="005">20081216095843.0</controlfield><controlfield tag="007">qu</controlfield><controlfield tag="008">941101s1977    fi ppz||||||||||||||fin||</controlfield><datafield tag="031" ind1=" " ind2=" "><subfield code="t">Halki ilman kuolon kellot</subfield></datafield><datafield tag="035" ind1=" " ind2=" "><subfield code="a">992323</subfield></datafield><datafield tag="041" ind1="0" ind2=" "><subfield code="a">fin</subfield></datafield><datafield tag="130" ind1="0" ind2=" "><subfield code="a">Kuolemaantuomitun hyvästijättö</subfield><subfield code="g">(Trad.)</subfield></datafield><datafield tag="245" ind1="1" ind2="0"><subfield code="a">Kuolemaantuomitun hyvästijättö</subfield><subfield code="h">[Nuottijulkaisu].</subfield></datafield><datafield tag="500" ind1=" " ind2=" "><subfield code="a">C1970.</subfield></datafield><datafield tag="500" ind1=" " ind2=" "><subfield code="a">Soitinnus: Lauluääni, kosketinsoitin, sointumerkit.</subfield></datafield><datafield tag="546" ind1=" " ind2=" "><subfield code="a">Sanat: suomi.</subfield></datafield><datafield tag="700" ind1="1" ind2=" "><subfield code="a">Heikkilä, Olli,</subfield><subfield code="e">sov.</subfield></datafield><datafield tag="773" ind1="0" ind2=" "><subfield code="7">nncm</subfield><subfield code="w">jykdok.992201</subfield><subfield code="t">Työväen lauluja. -</subfield><subfield code="d">Helsinki : Scandia-musiikki, [1977]. -1 sävelmäkokoelma. -</subfield><subfield code="r">Scandia-musiikki. -</subfield><subfield code="g">, s. 22</subfield></datafield><datafield tag="941" ind1=" " ind2=" "><subfield code="a">992201</subfield><subfield code="b">Työväen lauluja [Nuottijulkaisu].</subfield></datafield><datafield tag="949" ind1=" " ind2=" "><subfield code="a">jykdb</subfield><subfield code="e">check_holdings</subfield><subfield code="f">0</subfield><subfield code="g">0</subfield><subfield code="h">N</subfield><subfield code="i">0</subfield></datafield><datafield tag="995" ind1=" " ind2=" "><subfield code="a">jykdok.992323</subfield></datafield></record>