
<record><leader>00744cca a22001814ar4500</leader><controlfield tag="001">jykdok.992413</controlfield><controlfield tag="005">20081216095847.0</controlfield><controlfield tag="007">qu</controlfield><controlfield tag="008">060904s1997    fi ppz||||||||||||||fin||</controlfield><datafield tag="035" ind1=" " ind2=" "><subfield code="a">992413</subfield></datafield><datafield tag="041" ind1=" " ind2=" "><subfield code="a">fin</subfield></datafield><datafield tag="045" ind1=" " ind2=" "><subfield code="b">d1994</subfield></datafield><datafield tag="100" ind1="1" ind2=" "><subfield code="a">Chydenius, Kaj,</subfield><subfield code="e">säv.</subfield></datafield><datafield tag="245" ind1="1" ind2="0"><subfield code="a">Muisto</subfield><subfield code="h">[Nuottijulkaisu].</subfield></datafield><datafield tag="700" ind1="1" ind2=" "><subfield code="a">Mikkola, Marja-Leena,</subfield><subfield code="e">san.</subfield></datafield><datafield tag="773" ind1="0" ind2=" "><subfield code="7">nnjm</subfield><subfield code="w">jykdok.992358</subfield><subfield code="a">Chydenius, Kaj säv.</subfield><subfield code="t">Tyttö ja tanssiva karhu. -</subfield><subfield code="d">[Espoo] : Warner/Chappell Music Finland , 1997. -1 partituuri. -</subfield><subfield code="z">951-757-391-X. -</subfield><subfield code="o">M-042-08765-7. -</subfield><subfield code="r">Warner/Chappell 08765</subfield></datafield><datafield tag="941" ind1=" " ind2=" "><subfield code="a">992358</subfield><subfield code="b">Tyttö ja tanssiva karhu [Nuottijulkaisu] : 10 laulua Marja-Leena Mikkolan, Katri Valan ja Anja Vammelvuon runoihin / Kaj Chydenius.</subfield></datafield><datafield tag="949" ind1=" " ind2=" "><subfield code="a">jykdb</subfield><subfield code="e">check_holdings</subfield><subfield code="f">0</subfield><subfield code="g">0</subfield><subfield code="h">N</subfield><subfield code="i">0</subfield></datafield><datafield tag="995" ind1=" " ind2=" "><subfield code="a">dedup4ef3703e876cf</subfield></datafield></record>