
<record><leader>01450cam a22003854a 4500</leader><controlfield tag="001">jykdok.992504</controlfield><controlfield tag="005">20081216095851.0</controlfield><controlfield tag="008">051116s2005    fi |||||||||||||||||eng||</controlfield><datafield tag="015" ind1=" " ind2=" "><subfield code="a">fx818718</subfield><subfield code="2">skl</subfield></datafield><datafield tag="020" ind1=" " ind2=" "><subfield code="a">952-214-127-5 (nid.)</subfield></datafield><datafield tag="035" ind1=" " ind2=" "><subfield code="a">992504</subfield></datafield><datafield tag="041" ind1="0" ind2=" "><subfield code="a">eng</subfield></datafield><datafield tag="072" ind1=" " ind2="7"><subfield code="a">75.1</subfield><subfield code="2">kkaa</subfield></datafield><datafield tag="080" ind1=" " ind2=" "><subfield code="a">336.2</subfield></datafield><datafield tag="100" ind1="1" ind2=" "><subfield code="a">Hellevig, Jon.</subfield></datafield><datafield tag="245" ind1="1" ind2="4"><subfield code="a">The Russian tax reform paving way for investments /</subfield><subfield code="c">Jon Hellevig, Artem Usov, Tauno Tiusanen.</subfield></datafield><datafield tag="260" ind1=" " ind2=" "><subfield code="a">Lappeenranta :</subfield><subfield code="b">Lappeenranta University of Technology,</subfield><subfield code="c">2005</subfield><subfield code="f">(Digipaino)</subfield></datafield><datafield tag="300" ind1=" " ind2=" "><subfield code="a">69, [3] s. ;</subfield><subfield code="c">25 cm.</subfield></datafield><datafield tag="490" ind1="1" ind2=" "><subfield code="a">Publication / Lappeenranta University of Technology, Northern Dimension Research Centre,</subfield><subfield code="x">1459-6679;</subfield><subfield code="v">21</subfield></datafield><datafield tag="530" ind1=" " ind2=" "><subfield code="a">Myös verkkojulkaisuna (ISBN 952-214-128-3 (PDF)).</subfield></datafield><datafield tag="650" ind1=" " ind2="7"><subfield code="a">verouudistus</subfield><subfield code="2">ysa</subfield></datafield><datafield tag="650" ind1=" " ind2="7"><subfield code="a">verotus</subfield><subfield code="2">ysa</subfield></datafield><datafield tag="650" ind1=" " ind2="7"><subfield code="a">investoinnit</subfield><subfield code="2">ysa</subfield></datafield><datafield tag="650" ind1=" " ind2="7"><subfield code="a">beskattning</subfield><subfield code="2">allars</subfield></datafield><datafield tag="650" ind1=" " ind2="7"><subfield code="a">utländska investeringar</subfield><subfield code="2">allars</subfield></datafield><datafield tag="650" ind1=" " ind2="7"><subfield code="a">skattereform</subfield><subfield code="2">allars</subfield></datafield><datafield tag="651" ind1=" " ind2="7"><subfield code="a">Venäjä</subfield><subfield code="2">ysa</subfield></datafield><datafield tag="651" ind1=" " ind2="7"><subfield code="a">Ryssland</subfield><subfield code="2">allars</subfield></datafield><datafield tag="700" ind1="1" ind2=" "><subfield code="a">Usov, Artem.</subfield></datafield><datafield tag="700" ind1="1" ind2=" "><subfield code="a">Tiusanen, Tauno.</subfield></datafield><datafield tag="710" ind1="2" ind2=" "><subfield code="a">Lappeenrannan teknillinen yliopisto.</subfield></datafield><datafield tag="830" ind1=" " ind2="0"><subfield code="a">Publication / Lappeenranta University of Technology, Northern Dimension Research Centre,</subfield><subfield code="x">1459-6679;</subfield><subfield code="v">21</subfield></datafield><datafield tag="852" ind1="8" ind2=" "><subfield code="b">121</subfield><subfield code="h">P 0153489</subfield><subfield code="9">JYK</subfield></datafield><datafield tag="852" ind1=" " ind2=" "><subfield code="a">FI-P</subfield><subfield code="c">0153489</subfield></datafield><datafield tag="949" ind1=" " ind2=" "><subfield code="a">jykdb</subfield><subfield code="b">JYK</subfield><subfield code="c">Pääkirjasto. Vapaakappaleet. Varasto. Ei kotilainaan</subfield><subfield code="d">P 0153489</subfield><subfield code="e">available</subfield><subfield code="f">1</subfield><subfield code="g">0</subfield><subfield code="h">N</subfield><subfield code="i">1</subfield><subfield code="j">121</subfield></datafield><datafield tag="995" ind1=" " ind2=" "><subfield code="a">dedup4efdcf7386d69</subfield></datafield></record>