
<record><leader>00994cam a22002894a 4500</leader><controlfield tag="001">jykdok.992597</controlfield><controlfield tag="005">20081216095856.0</controlfield><controlfield tag="008">050524s2004    fi ||||||s   |||||||fin||</controlfield><datafield tag="015" ind1=" " ind2=" "><subfield code="a">fx791022</subfield><subfield code="2">skl</subfield></datafield><datafield tag="020" ind1=" " ind2=" "><subfield code="a">951-766-075-8 (nid.)</subfield></datafield><datafield tag="035" ind1=" " ind2=" "><subfield code="a">992597</subfield></datafield><datafield tag="041" ind1="0" ind2=" "><subfield code="a">fin</subfield></datafield><datafield tag="080" ind1=" " ind2=" "><subfield code="a">711</subfield></datafield><datafield tag="080" ind1=" " ind2=" "><subfield code="a">311</subfield></datafield><datafield tag="110" ind1="2" ind2=" "><subfield code="a">Etelä-Pohjanmaan liitto.</subfield></datafield><datafield tag="245" ind1="1" ind2="0"><subfield code="a">Etelä-Pohjanmaan aluekehityskatsaus 2004.</subfield></datafield><datafield tag="260" ind1=" " ind2=" "><subfield code="a">Seinäjoki :</subfield><subfield code="b">Etelä-Pohjanmaan liitto,</subfield><subfield code="c">2004</subfield><subfield code="e">([Ilmajoki] :</subfield><subfield code="f">Il-mo)</subfield></datafield><datafield tag="300" ind1=" " ind2=" "><subfield code="a">184 s. :</subfield><subfield code="b">kuv., kartt. ;</subfield><subfield code="c">30 cm +</subfield><subfield code="e">korjauslehti.</subfield></datafield><datafield tag="490" ind1="1" ind2=" "><subfield code="a">Julkaisu / Etelä-Pohjanmaan liitto. C,</subfield><subfield code="x">1237-9948;</subfield><subfield code="v">37</subfield></datafield><datafield tag="650" ind1=" " ind2="7"><subfield code="a">maakunnat</subfield><subfield code="2">ysa</subfield></datafield><datafield tag="650" ind1=" " ind2="7"><subfield code="a">aluekehitys</subfield><subfield code="2">ysa</subfield></datafield><datafield tag="650" ind1=" " ind2="7"><subfield code="a">tilastot</subfield><subfield code="2">ysa</subfield></datafield><datafield tag="651" ind1=" " ind2="7"><subfield code="a">Etelä-Pohjanmaa</subfield><subfield code="2">ysa</subfield></datafield><datafield tag="830" ind1=" " ind2="0"><subfield code="a">Julkaisu / Etelä-Pohjanmaan liitto.</subfield><subfield code="n">C,</subfield><subfield code="x">1237-9948;</subfield><subfield code="v">37</subfield></datafield><datafield tag="852" ind1="8" ind2=" "><subfield code="b">121</subfield><subfield code="h">P 0153532</subfield><subfield code="9">JYK</subfield></datafield><datafield tag="852" ind1=" " ind2=" "><subfield code="a">FI-P</subfield><subfield code="c">0153532</subfield></datafield><datafield tag="949" ind1=" " ind2=" "><subfield code="a">jykdb</subfield><subfield code="b">JYK</subfield><subfield code="c">Pääkirjasto. Vapaakappaleet. Varasto. Ei kotilainaan</subfield><subfield code="d">P 0153532</subfield><subfield code="e">available</subfield><subfield code="f">1</subfield><subfield code="g">0</subfield><subfield code="h">N</subfield><subfield code="i">0</subfield><subfield code="j">121</subfield></datafield><datafield tag="995" ind1=" " ind2=" "><subfield code="a">dedup4efdda0175813</subfield></datafield></record>