
<record><leader>01501 cm a22002894a 4500</leader><controlfield tag="001">jykdok.998165</controlfield><controlfield tag="005">20090811124406.0</controlfield><controlfield tag="007">qu</controlfield><controlfield tag="008">061108s1954    hu ||b||||||||||||||hun||</controlfield><datafield tag="028" ind1="0" ind2="0"><subfield code="b">Editio Musica</subfield><subfield code="a">Z1745</subfield></datafield><datafield tag="028" ind1="2" ind2="0"><subfield code="b">Editio Musica Budapest</subfield><subfield code="a">Z1745</subfield></datafield><datafield tag="035" ind1=" " ind2=" "><subfield code="a">998165</subfield></datafield><datafield tag="041" ind1="0" ind2=" "><subfield code="a">hun</subfield></datafield><datafield tag="045" ind1=" " ind2=" "><subfield code="b">d1907-09</subfield></datafield><datafield tag="084" ind1=" " ind2=" "><subfield code="a">78.322</subfield><subfield code="2">ykl</subfield></datafield><datafield tag="100" ind1="1" ind2=" "><subfield code="a">Kodály, Zoltán,</subfield><subfield code="e">säv.</subfield></datafield><datafield tag="240" ind1="1" ind2="0"><subfield code="a">Énekszó,</subfield><subfield code="n">op1,</subfield><subfield code="m">laulu</subfield></datafield><datafield tag="245" ind1="1" ind2="0"><subfield code="a">Énekszó</subfield><subfield code="h">[Nuottijulkaisu] :</subfield><subfield code="b">dalok népi versekre, Op. 1 /</subfield><subfield code="c">Kodály Zoltán.</subfield></datafield><datafield tag="260" ind1=" " ind2=" "><subfield code="a">Budapest :</subfield><subfield code="b">Editio Musica Budapest,</subfield><subfield code="c">cop. 1954.</subfield></datafield><datafield tag="300" ind1=" " ind2=" "><subfield code="a">1 pienoispartituuri (66 s.)</subfield></datafield><datafield tag="500" ind1=" " ind2=" "><subfield code="a">Soitinnus: laulu, piano.</subfield></datafield><datafield tag="505" ind1=" " ind2=" "><subfield code="a">16 kappaletta: Három út előttem ; Jőjj te hozzám ; Kinyílt a kalitka ; Sem szántok sem vetek ; Isten adta kis barnája ; Jaj de régen nem láttlak ; Ha ki szépet szeret ; Csak aztat csudálom ; Vékony a pókháló ; Azt gondolod rózsám ; Ne sajnáld galambom ; Ki-kiderül, meg beborul ; Sohasem cselekszem; Azt gondolod, hogy én bánom ; Tudtad, tudtad ; Kötöttem bokrétát</subfield></datafield><datafield tag="650" ind1=" " ind2="7"><subfield code="a">laulumusiikki</subfield><subfield code="z">Unkari</subfield><subfield code="y">1900-1909</subfield><subfield code="2">musa</subfield></datafield><datafield tag="852" ind1="8" ind2=" "><subfield code="b">2205</subfield><subfield code="h">MUS 78.322</subfield><subfield code="i">Kodály</subfield><subfield code="9">JYK</subfield></datafield><datafield tag="852" ind1="8" ind2=" "><subfield code="b">2206</subfield><subfield code="h">MUS 78.322 Kodály</subfield><subfield code="9">JYK</subfield></datafield><datafield tag="949" ind1=" " ind2=" "><subfield code="a">jykdb</subfield><subfield code="b">JYK</subfield><subfield code="c">Musiikin laitos (M Musica). Partituurit. Ei kotilainaan</subfield><subfield code="d">MUS 78.322</subfield><subfield code="e">available</subfield><subfield code="f">1</subfield><subfield code="g">0</subfield><subfield code="h">N</subfield><subfield code="i">0</subfield><subfield code="j">2205</subfield></datafield><datafield tag="949" ind1=" " ind2=" "><subfield code="a">jykdb</subfield><subfield code="b">JYK</subfield><subfield code="c">Musiikin laitos (M Musica). Partituurit. Laina-aika 28 vrk.</subfield><subfield code="d">MUS 78.322 Kodály</subfield><subfield code="e">available</subfield><subfield code="f">1</subfield><subfield code="g">0</subfield><subfield code="h">N</subfield><subfield code="i">0</subfield><subfield code="j">2206</subfield></datafield><datafield tag="995" ind1=" " ind2=" "><subfield code="a">jykdok.998165</subfield></datafield></record>