
<record><leader>00966cam a22002654a 4500</leader><controlfield tag="001">jykdok.998259</controlfield><controlfield tag="005">20081216100241.0</controlfield><controlfield tag="008">061109s2006    fi ||||||m   |||||||fin||</controlfield><datafield tag="035" ind1=" " ind2=" "><subfield code="a">998259</subfield></datafield><datafield tag="041" ind1="0" ind2=" "><subfield code="a">fin</subfield></datafield><datafield tag="100" ind1="1" ind2=" "><subfield code="a">Laakko, Marika.</subfield></datafield><datafield tag="245" ind1="1" ind2="0"><subfield code="a">Kahden valtakunnan politiikkaa :</subfield><subfield code="b">maallisen ja hengellisen valtakunnan yhteneväisyydet Augustinuksen teoksessa "De Civitate Dei" /</subfield><subfield code="c">Marika Laakko.</subfield></datafield><datafield tag="260" ind1=" " ind2=" "><subfield code="a">Jyväskylä,</subfield><subfield code="c">2006.</subfield></datafield><datafield tag="300" ind1=" " ind2=" "><subfield code="a">73 s.</subfield></datafield><datafield tag="509" ind1=" " ind2=" "><subfield code="a">Pro gradu -työ :</subfield><subfield code="c">Jyväskylän yliopisto, yhteiskuntatieteiden ja filosofian laitos, valtio-oppi.</subfield><subfield code="9">208.</subfield></datafield><datafield tag="579" ind1=" " ind2=" "><subfield code="a">XLUETTELOITU</subfield></datafield><datafield tag="600" ind1="0" ind2="4"><subfield code="a">Augustinus.</subfield></datafield><datafield tag="630" ind1="0" ind2="4"><subfield code="a">De civitate Dei.</subfield></datafield><datafield tag="650" ind1=" " ind2="7"><subfield code="a">politiikan teoria</subfield><subfield code="2">ysa</subfield></datafield><datafield tag="650" ind1=" " ind2="7"><subfield code="a">kristinusko</subfield><subfield code="2">ysa</subfield></datafield><datafield tag="650" ind1=" " ind2="7"><subfield code="a">armo</subfield><subfield code="2">ysa</subfield></datafield><datafield tag="650" ind1=" " ind2="7"><subfield code="a">rakkaus</subfield><subfield code="2">ysa</subfield></datafield><datafield tag="653" ind1=" " ind2=" "><subfield code="a">valtakunnat</subfield></datafield><datafield tag="852" ind1="8" ind2=" "><subfield code="b">601</subfield><subfield code="h">MK YFI Gradu Laakko</subfield><subfield code="9">JYK</subfield></datafield><datafield tag="949" ind1=" " ind2=" "><subfield code="a">jykdb</subfield><subfield code="b">JYK</subfield><subfield code="c">Mattilanniemen kirjasto. Kirjat. Laina-aika 28 vrk.</subfield><subfield code="d">MK YFI Gradu Laakko</subfield><subfield code="e">available</subfield><subfield code="f">1</subfield><subfield code="g">0</subfield><subfield code="h">N</subfield><subfield code="i">1</subfield><subfield code="j">601</subfield></datafield><datafield tag="995" ind1=" " ind2=" "><subfield code="a">jykdok.998259</subfield></datafield></record>