
<record><leader>01600 am a22003617a 4500</leader><controlfield tag="001">jykdok.99835</controlfield><controlfield tag="005">20090811085927.0</controlfield><controlfield tag="008">880830s1988    fi |||||||||||||||||fin||</controlfield><datafield tag="020" ind1=" " ind2=" "><subfield code="a">951-717-506-X (nid.) :</subfield><subfield code="c">82 mk</subfield></datafield><datafield tag="035" ind1=" " ind2=" "><subfield code="a">99835</subfield></datafield><datafield tag="041" ind1="0" ind2=" "><subfield code="a">fin</subfield></datafield><datafield tag="080" ind1=" " ind2=" "><subfield code="a">39</subfield></datafield><datafield tag="100" ind1="1" ind2=" "><subfield code="a">Kirkinen, Heikki.</subfield></datafield><datafield tag="245" ind1="1" ind2="0"><subfield code="a">Pohjois-Karjalan kalevalaisen perinteen juuret /</subfield><subfield code="c">Heikki Kirkinen.</subfield></datafield><datafield tag="260" ind1=" " ind2=" "><subfield code="a">Hki :</subfield><subfield code="b">Suomalaisen kirjallisuuden seura,</subfield><subfield code="c">1988</subfield><subfield code="e">(Rauma :</subfield><subfield code="f">Länsi-Suomi)</subfield></datafield><datafield tag="300" ind1=" " ind2=" "><subfield code="a">159, [4] s., [8] kuvas. :</subfield><subfield code="b">kuv., kartt. ;</subfield><subfield code="c">20 cm.</subfield></datafield><datafield tag="490" ind1="1" ind2=" "><subfield code="a">Tietolipas,</subfield><subfield code="x">0562-6129;</subfield><subfield code="v">108</subfield></datafield><datafield tag="600" ind1="3" ind2="4"><subfield code="a">Sissonen,</subfield><subfield code="c">suku.</subfield></datafield><datafield tag="650" ind1=" " ind2="7"><subfield code="a">kansanrunoudentutkimus</subfield><subfield code="2">ysa</subfield></datafield><datafield tag="650" ind1=" " ind2="7"><subfield code="a">kansanrunous</subfield><subfield code="2">ysa</subfield></datafield><datafield tag="650" ind1=" " ind2="7"><subfield code="a">runolaulu</subfield><subfield code="2">ysa</subfield></datafield><datafield tag="650" ind1=" " ind2="7"><subfield code="a">runonlaulajat</subfield><subfield code="2">ysa</subfield></datafield><datafield tag="651" ind1=" " ind2="7"><subfield code="a">Pohjois-Karjala</subfield><subfield code="2">ysa</subfield></datafield><datafield tag="830" ind1=" " ind2="0"><subfield code="a">Tietolipas,</subfield><subfield code="x">0562-6129;</subfield><subfield code="v">108</subfield></datafield><datafield tag="852" ind1="8" ind2=" "><subfield code="b">1200</subfield><subfield code="h">ET Eg Kirkinen Heikki</subfield><subfield code="t">Copy 1</subfield><subfield code="9">JYK</subfield></datafield><datafield tag="852" ind1="8" ind2=" "><subfield code="b">106</subfield><subfield code="h">P Kirj suom Kirkinen Heikki</subfield><subfield code="t">Copy 1</subfield><subfield code="9">JYK</subfield></datafield><datafield tag="852" ind1="8" ind2=" "><subfield code="b">121</subfield><subfield code="h">P JAb Kirkinen Heikki</subfield><subfield code="t">Copy 1</subfield><subfield code="9">JYK</subfield></datafield><datafield tag="852" ind1="8" ind2=" "><subfield code="b">107</subfield><subfield code="h">P Ls Kirj suom Kirkinen</subfield><subfield code="9">JYK</subfield></datafield><datafield tag="852" ind1=" " ind2=" "><subfield code="a">FI-P</subfield><subfield code="c">JAb</subfield></datafield><datafield tag="949" ind1=" " ind2=" "><subfield code="a">jykdb</subfield><subfield code="b">JYK</subfield><subfield code="c">Etnologia (H Historica). LsKirjat. Ei kotilainaan</subfield><subfield code="d">ET Eg Kirkinen Heikki</subfield><subfield code="e">available</subfield><subfield code="f">1</subfield><subfield code="g">0</subfield><subfield code="h">N</subfield><subfield code="i">0</subfield><subfield code="j">1200</subfield></datafield><datafield tag="949" ind1=" " ind2=" "><subfield code="a">jykdb</subfield><subfield code="b">JYK</subfield><subfield code="c">*Pääkirjasto. Kirjat. 2. krs. Laina-aika 28 vrk.</subfield><subfield code="d">P Kirj suom Kirkinen Heikki</subfield><subfield code="e">available</subfield><subfield code="f">1</subfield><subfield code="g">0</subfield><subfield code="h">N</subfield><subfield code="i">2</subfield><subfield code="j">106</subfield></datafield><datafield tag="949" ind1=" " ind2=" "><subfield code="a">jykdb</subfield><subfield code="b">JYK</subfield><subfield code="c">Pääkirjasto. Vapaakappaleet. Varasto. Ei kotilainaan</subfield><subfield code="d">P JAb Kirkinen Heikki</subfield><subfield code="e">unavailable</subfield><subfield code="f">1</subfield><subfield code="g">1</subfield><subfield code="h">N</subfield><subfield code="i">1</subfield><subfield code="j">121</subfield></datafield><datafield tag="949" ind1=" " ind2=" "><subfield code="a">jykdb</subfield><subfield code="b">JYK</subfield><subfield code="c">*Pääkirjasto. Lukusalikirjat. 2.krs. Ei kotilainaan</subfield><subfield code="d">P Ls Kirj suom Kirkinen</subfield><subfield code="e">available</subfield><subfield code="f">1</subfield><subfield code="g">0</subfield><subfield code="h">N</subfield><subfield code="i">0</subfield><subfield code="j">107</subfield></datafield><datafield tag="995" ind1=" " ind2=" "><subfield code="a">jykdok.99835</subfield></datafield></record>