
<record><leader>00794cim a22002774a 4500</leader><controlfield tag="001">jykdok.998440</controlfield><controlfield tag="005">20081216100249.0</controlfield><controlfield tag="007">sd||||||||m||d</controlfield><controlfield tag="008">060425s2005    fi ||||||||||||f |||fin||</controlfield><datafield tag="015" ind1=" " ind2=" "><subfield code="a">fx823678</subfield><subfield code="2">skl</subfield></datafield><datafield tag="020" ind1=" " ind2=" "><subfield code="a">951-1-20492-0</subfield></datafield><datafield tag="035" ind1=" " ind2=" "><subfield code="a">998440</subfield></datafield><datafield tag="041" ind1="0" ind2=" "><subfield code="d">fin</subfield></datafield><datafield tag="080" ind1=" " ind2=" "><subfield code="a">894.541</subfield><subfield code="x">-3</subfield></datafield><datafield tag="100" ind1="1" ind2=" "><subfield code="a">Larsson, Åsa.</subfield></datafield><datafield tag="245" ind1="1" ind2="0"><subfield code="a">Aurinkomyrsky</subfield><subfield code="h">[Äänite] /</subfield><subfield code="c">Åsa Larsson.</subfield></datafield><datafield tag="260" ind1=" " ind2=" "><subfield code="a">[Helsinki] :</subfield><subfield code="b">[Otava],</subfield><subfield code="c">cop. 2005.</subfield></datafield><datafield tag="300" ind1=" " ind2=" "><subfield code="a">9 CD-äänilevyä (10 h)</subfield></datafield><datafield tag="490" ind1="1" ind2=" "><subfield code="a">Otavan äänikirja</subfield></datafield><datafield tag="500" ind1=" " ind2=" "><subfield code="a">Levyt kotelossa 13 x 13 x 3 cm</subfield></datafield><datafield tag="500" ind1=" " ind2=" "><subfield code="a">Äänikirja (pain. laitos Otava, 2005).</subfield></datafield><datafield tag="511" ind1="0" ind2=" "><subfield code="a">Lukija: Sara Paavolainen.</subfield></datafield><datafield tag="700" ind1="1" ind2=" "><subfield code="a">Paavolainen, Sara.</subfield></datafield><datafield tag="830" ind1=" " ind2="0"><subfield code="a">Otavan äänikirja</subfield></datafield><datafield tag="852" ind1=" " ind2=" "><subfield code="a">FI-c015274</subfield></datafield><datafield tag="949" ind1=" " ind2=" "><subfield code="a">jykdb</subfield><subfield code="e">check_holdings</subfield><subfield code="f">0</subfield><subfield code="g">0</subfield><subfield code="h">N</subfield><subfield code="i">0</subfield></datafield><datafield tag="995" ind1=" " ind2=" "><subfield code="a">dedup4efdc8c0d8c3d</subfield></datafield></record>