
<record><leader>01514cam a22003734a 4500</leader><controlfield tag="001">jykdok.998530</controlfield><controlfield tag="005">20081216100252.0</controlfield><controlfield tag="008">030717s2005    ru |||||||||||||1|||rus||</controlfield><datafield tag="020" ind1=" " ind2=" "><subfield code="6">880-01</subfield><subfield code="a">5-02-033318-2 (Nauka, nid.)</subfield></datafield><datafield tag="020" ind1=" " ind2=" "><subfield code="6">880-02</subfield><subfield code="a">5-89349-829-1 (Flinta, nid.)</subfield></datafield><datafield tag="035" ind1=" " ind2=" "><subfield code="a">998530</subfield></datafield><datafield tag="041" ind1="0" ind2=" "><subfield code="a">rus</subfield></datafield><datafield tag="066" ind1=" " ind2=" "><subfield code="c">(N)Q</subfield></datafield><datafield tag="080" ind1=" " ind2=" "><subfield code="a">808.2</subfield><subfield code="x">-01</subfield></datafield><datafield tag="080" ind1=" " ind2=" "><subfield code="a">808.2</subfield><subfield code="x">(07)</subfield></datafield><datafield tag="100" ind1="1" ind2=" "><subfield code="6">880-03</subfield><subfield code="a">Šelâkin, M. A.</subfield></datafield><datafield tag="245" ind1="1" ind2="0"><subfield code="6">880-04</subfield><subfield code="a">Âzyk i čelovek :</subfield><subfield code="b">k probleme motivirovannosti âzykovoj sistemy : učebnoe posobie /</subfield><subfield code="c">M. A. Šelâkin.</subfield></datafield><datafield tag="260" ind1=" " ind2=" "><subfield code="6">880-05</subfield><subfield code="a">Moskva :</subfield><subfield code="b">Flinta :</subfield><subfield code="b">Nauka,</subfield><subfield code="c">2005.</subfield></datafield><datafield tag="300" ind1=" " ind2=" "><subfield code="a">289 s.</subfield></datafield><datafield tag="650" ind1=" " ind2="7"><subfield code="a">venäjän kieli</subfield><subfield code="2">ysa</subfield></datafield><datafield tag="650" ind1=" " ind2="7"><subfield code="a">puheviestintä</subfield><subfield code="2">ysa</subfield></datafield><datafield tag="650" ind1=" " ind2="7"><subfield code="a">sosiolingvistiikka</subfield><subfield code="2">ysa</subfield></datafield><datafield tag="650" ind1=" " ind2="7"><subfield code="a">kielifilosofia</subfield><subfield code="2">ysa</subfield></datafield><datafield tag="650" ind1=" " ind2="7"><subfield code="a">semantiikka</subfield><subfield code="2">ysa</subfield></datafield><datafield tag="650" ind1=" " ind2="7"><subfield code="a">oppikirjat</subfield><subfield code="2">ysa</subfield></datafield><datafield tag="650" ind1=" " ind2="7"><subfield code="a">kielioppi</subfield><subfield code="2">ysa</subfield></datafield><datafield tag="650" ind1=" " ind2="7"><subfield code="a">kielitiede</subfield><subfield code="2">ysa</subfield></datafield><datafield tag="852" ind1="8" ind2=" "><subfield code="b">106</subfield><subfield code="h">P Kiel slaav Selakin</subfield><subfield code="9">JYK</subfield></datafield><datafield tag="880" ind1=" " ind2=" "><subfield code="6">020-01/(N</subfield><subfield code="a">5-02-033318-2 (Наука, nid.)</subfield></datafield><datafield tag="880" ind1=" " ind2=" "><subfield code="6">020-02/(N</subfield><subfield code="a">5-89349-829-1 (Флинта, nid.)</subfield></datafield><datafield tag="880" ind1="1" ind2=" "><subfield code="6">100-03/(N</subfield><subfield code="a">Шелякин, М. А.</subfield></datafield><datafield tag="880" ind1="1" ind2="0"><subfield code="6">245-04/(N</subfield><subfield code="a">Язык и человек :</subfield><subfield code="b">к проблеме мотивированности языковой системы : учебное пособие /</subfield><subfield code="c">М. А. Шелякин</subfield></datafield><datafield tag="880" ind1=" " ind2=" "><subfield code="6">260-05/(N</subfield><subfield code="a">Москва :</subfield><subfield code="b">Флинта :</subfield><subfield code="b">Наука,</subfield><subfield code="c">2005</subfield></datafield><datafield tag="949" ind1=" " ind2=" "><subfield code="a">jykdb</subfield><subfield code="b">JYK</subfield><subfield code="c">*Pääkirjasto. Kirjat. 2. krs. Laina-aika 28 vrk.</subfield><subfield code="d">P Kiel slaav Selakin</subfield><subfield code="e">available</subfield><subfield code="f">1</subfield><subfield code="g">0</subfield><subfield code="h">N</subfield><subfield code="i">0</subfield><subfield code="j">106</subfield></datafield><datafield tag="995" ind1=" " ind2=" "><subfield code="a">jykdok.998530</subfield></datafield></record>