
<record><leader>01070cam a22003254a 4500</leader><controlfield tag="001">jykdok.998623</controlfield><controlfield tag="005">20081216100255.0</controlfield><controlfield tag="008">060505s2006    fi |||||||||||||||||fin||</controlfield><datafield tag="015" ind1=" " ind2=" "><subfield code="a">fx824966</subfield><subfield code="2">skl</subfield></datafield><datafield tag="020" ind1=" " ind2=" "><subfield code="a">952-91-9903-1 (sid.)</subfield></datafield><datafield tag="035" ind1=" " ind2=" "><subfield code="a">998623</subfield></datafield><datafield tag="041" ind1="0" ind2=" "><subfield code="a">fin</subfield></datafield><datafield tag="072" ind1=" " ind2="7"><subfield code="a">45</subfield><subfield code="2">kkaa</subfield></datafield><datafield tag="080" ind1=" " ind2=" "><subfield code="a">621.39</subfield></datafield><datafield tag="100" ind1="1" ind2=" "><subfield code="a">Turpeinen, Oiva.</subfield></datafield><datafield tag="245" ind1="1" ind2="0"><subfield code="a">PHP 100 :</subfield><subfield code="b">Päijät-Hämeen puhelin 1906-2006 /</subfield><subfield code="c">Oiva Turpeinen.</subfield></datafield><datafield tag="260" ind1=" " ind2=" "><subfield code="a">[Lahti, Harjukatu 28] :</subfield><subfield code="b">Päijät-Hämeen puhelin,</subfield><subfield code="c">[2006]</subfield><subfield code="e">([Lahti] :</subfield><subfield code="f">Esa Print)</subfield></datafield><datafield tag="300" ind1=" " ind2=" "><subfield code="a">197 s. :</subfield><subfield code="b">kuv. ;</subfield><subfield code="c">26 cm.</subfield></datafield><datafield tag="650" ind1=" " ind2="7"><subfield code="a">yrityshistoriikit</subfield><subfield code="2">ysa</subfield></datafield><datafield tag="650" ind1=" " ind2="7"><subfield code="a">telelaitokset</subfield><subfield code="2">ysa</subfield></datafield><datafield tag="650" ind1=" " ind2="7"><subfield code="a">puhelinliikenne</subfield><subfield code="2">ysa</subfield></datafield><datafield tag="650" ind1=" " ind2="7"><subfield code="a">puhelinpalvelut</subfield><subfield code="2">ysa</subfield></datafield><datafield tag="650" ind1=" " ind2="7"><subfield code="a">telepalvelut</subfield><subfield code="2">ysa</subfield></datafield><datafield tag="650" ind1=" " ind2="7"><subfield code="a">historia</subfield><subfield code="2">ysa</subfield></datafield><datafield tag="651" ind1=" " ind2="7"><subfield code="a">Päijät-Häme</subfield><subfield code="2">ysa</subfield></datafield><datafield tag="710" ind1="2" ind2=" "><subfield code="a">Päijät-Hämeen puhelin.</subfield></datafield><datafield tag="740" ind1="0" ind2=" "><subfield code="a">Päijät-Hämeen puhelin 1906-2006.</subfield></datafield><datafield tag="852" ind1="8" ind2=" "><subfield code="b">121</subfield><subfield code="h">P 0157471</subfield><subfield code="9">JYK</subfield></datafield><datafield tag="852" ind1=" " ind2=" "><subfield code="a">FI-P</subfield><subfield code="c">0157471</subfield></datafield><datafield tag="949" ind1=" " ind2=" "><subfield code="a">jykdb</subfield><subfield code="b">JYK</subfield><subfield code="c">Pääkirjasto. Vapaakappaleet. Varasto. Ei kotilainaan</subfield><subfield code="d">P 0157471</subfield><subfield code="e">available</subfield><subfield code="f">1</subfield><subfield code="g">0</subfield><subfield code="h">N</subfield><subfield code="i">0</subfield><subfield code="j">121</subfield></datafield><datafield tag="995" ind1=" " ind2=" "><subfield code="a">dedup4efdd2877d3d1</subfield></datafield></record>