
<record><leader>01015 cm a22002654a 4500</leader><controlfield tag="001">jykdok.998713</controlfield><controlfield tag="005">20090811124408.0</controlfield><controlfield tag="007">qu</controlfield><controlfield tag="008">991216s1974    xxk||b|||||||||||||||||||</controlfield><datafield tag="028" ind1="0" ind2="0"><subfield code="b">Eulenburg</subfield><subfield code="a">804</subfield></datafield><datafield tag="028" ind1="2" ind2="0"><subfield code="b">Eulenburg</subfield><subfield code="a">EE3461</subfield></datafield><datafield tag="035" ind1=" " ind2=" "><subfield code="a">998713</subfield></datafield><datafield tag="041" ind1="0" ind2=" "><subfield code="a">_</subfield><subfield code="b">eng</subfield><subfield code="b">ger</subfield></datafield><datafield tag="045" ind1=" " ind2=" "><subfield code="b">d1842</subfield></datafield><datafield tag="084" ind1=" " ind2=" "><subfield code="a">YKJ: 78.54</subfield><subfield code="2">ykl</subfield></datafield><datafield tag="100" ind1="1" ind2=" "><subfield code="a">Mendelssohn Bartholdy, Felix,</subfield><subfield code="e">säv.</subfield></datafield><datafield tag="240" ind1="1" ind2="4"><subfield code="a">Ein Sommernachtstraum,</subfield><subfield code="n">op61.</subfield><subfield code="p">Otteita</subfield></datafield><datafield tag="245" ind1="1" ind2="0"><subfield code="a">Ein Sommernachtstraum</subfield><subfield code="h">[Nuottijulkaisu] :</subfield><subfield code="b">5 Orchesterstücke op. 61 /</subfield><subfield code="c">Felix Mendelssohn Bartholdy.</subfield></datafield><datafield tag="260" ind1=" " ind2=" "><subfield code="a">London :</subfield><subfield code="b">Eulenburg,</subfield><subfield code="c">1974.</subfield></datafield><datafield tag="300" ind1=" " ind2=" "><subfield code="a">1 pienoispartituuri (vi, 80 s.)</subfield></datafield><datafield tag="500" ind1=" " ind2=" "><subfield code="a">Soitinnus: Ork.</subfield></datafield><datafield tag="505" ind1=" " ind2=" "><subfield code="a">Sis. osat: 1 Scherzo, 5 Intermezzo, 7 Notturno, 9 Hochzeitsmarsch, 11 Ein Tanz von Rüpeln</subfield></datafield><datafield tag="650" ind1=" " ind2="7"><subfield code="a">näyttämömusiikki</subfield><subfield code="z">Saksa</subfield><subfield code="y">1840-luku</subfield><subfield code="2">musa</subfield></datafield><datafield tag="852" ind1="8" ind2=" "><subfield code="b">2205</subfield><subfield code="h">MUS 78.54</subfield><subfield code="i">Mendelssohn Bartholdy</subfield><subfield code="9">JYK</subfield></datafield><datafield tag="949" ind1=" " ind2=" "><subfield code="a">jykdb</subfield><subfield code="b">JYK</subfield><subfield code="c">Musiikin laitos (M Musica). Partituurit. Ei kotilainaan</subfield><subfield code="d">MUS 78.54</subfield><subfield code="e">available</subfield><subfield code="f">1</subfield><subfield code="g">0</subfield><subfield code="h">N</subfield><subfield code="i">0</subfield><subfield code="j">2205</subfield></datafield><datafield tag="995" ind1=" " ind2=" "><subfield code="a">jykdok.998713</subfield></datafield></record>