
<record><leader>00759cim a22002654a 4500</leader><controlfield tag="001">jykdok.998806</controlfield><controlfield tag="005">20081216100302.0</controlfield><controlfield tag="007">sd||||||||m||d</controlfield><controlfield tag="008">060412s2005    fi ||||||||||||f |||fin||</controlfield><datafield tag="015" ind1=" " ind2=" "><subfield code="a">fx822607</subfield><subfield code="2">skl</subfield></datafield><datafield tag="020" ind1=" " ind2=" "><subfield code="a">951-0-30897-8</subfield></datafield><datafield tag="035" ind1=" " ind2=" "><subfield code="a">998806</subfield></datafield><datafield tag="041" ind1="0" ind2=" "><subfield code="d">fin</subfield></datafield><datafield tag="080" ind1=" " ind2=" "><subfield code="a">894.541</subfield><subfield code="x">-3</subfield></datafield><datafield tag="100" ind1="1" ind2=" "><subfield code="a">Paasilinna, Arto.</subfield></datafield><datafield tag="245" ind1="1" ind2="0"><subfield code="a">Suomalainen kärsäkirja</subfield><subfield code="h">[Äänite] /</subfield><subfield code="c">Arto Paasilinna.</subfield></datafield><datafield tag="260" ind1=" " ind2=" "><subfield code="a">[Helsinki] :</subfield><subfield code="b">WSOY,</subfield><subfield code="c">2005</subfield><subfield code="f">(CD-linja)</subfield></datafield><datafield tag="300" ind1=" " ind2=" "><subfield code="a">7 CD-äänilevyä.</subfield></datafield><datafield tag="500" ind1=" " ind2=" "><subfield code="a">Levyt  kotelossa 13 x 13 x 3 cm</subfield></datafield><datafield tag="500" ind1=" " ind2=" "><subfield code="a">Äänikirja (pain. laitos WSOY, 2005).</subfield></datafield><datafield tag="511" ind1="0" ind2=" "><subfield code="a">Lukija: Kari Paju.</subfield></datafield><datafield tag="530" ind1=" " ind2=" "><subfield code="a">Myös C-kasettina.</subfield></datafield><datafield tag="700" ind1="1" ind2=" "><subfield code="a">Paju, Kari.</subfield></datafield><datafield tag="852" ind1=" " ind2=" "><subfield code="a">FI-c015266</subfield></datafield><datafield tag="949" ind1=" " ind2=" "><subfield code="a">jykdb</subfield><subfield code="e">check_holdings</subfield><subfield code="f">0</subfield><subfield code="g">0</subfield><subfield code="h">N</subfield><subfield code="i">0</subfield></datafield><datafield tag="995" ind1=" " ind2=" "><subfield code="a">dedup4efdc8c37be55</subfield></datafield></record>