
<record><leader>00637cam a22002177a 4500</leader><controlfield tag="001">jykdok.9989</controlfield><controlfield tag="005">20081215142426.0</controlfield><controlfield tag="008">830907s1981    fi |||||r|||||||||||fin||</controlfield><datafield tag="015" ind1=" " ind2=" "><subfield code="a">f832200</subfield><subfield code="2">skl</subfield></datafield><datafield tag="020" ind1=" " ind2=" "><subfield code="a"> (nid.)</subfield></datafield><datafield tag="035" ind1=" " ind2=" "><subfield code="a">9989</subfield></datafield><datafield tag="041" ind1="0" ind2=" "><subfield code="a">fin</subfield></datafield><datafield tag="080" ind1=" " ind2=" "><subfield code="a">796/799</subfield></datafield><datafield tag="245" ind1="0" ind2="0"><subfield code="a">Noormarkun Nopsa 1941-1981 :</subfield><subfield code="b">40-vuotisjuhlalehti.</subfield></datafield><datafield tag="260" ind1=" " ind2=" "><subfield code="a">[Noormarkku] :</subfield><subfield code="b">Noormarkun Nopsa,</subfield><subfield code="c">1981</subfield><subfield code="e">(Pori :</subfield><subfield code="f">Nelospaino)</subfield></datafield><datafield tag="300" ind1=" " ind2=" "><subfield code="a">34 s. :</subfield><subfield code="b">kuv. ;</subfield><subfield code="c">30 cm.</subfield></datafield><datafield tag="610" ind1="2" ind2="4"><subfield code="a">Noormarkun Nopsa.</subfield></datafield><datafield tag="852" ind1=" " ind2=" "><subfield code="b">121</subfield><subfield code="9">JYK</subfield></datafield><datafield tag="903" ind1=" " ind2=" "><subfield code="a">b</subfield></datafield><datafield tag="904" ind1=" " ind2=" "><subfield code="a">p</subfield></datafield><datafield tag="949" ind1=" " ind2=" "><subfield code="a">jykdb</subfield><subfield code="b">JYK</subfield><subfield code="c">Pääkirjasto. Vapaakappaleet. Varasto. Ei kotilainaan</subfield><subfield code="e">available</subfield><subfield code="f">1</subfield><subfield code="g">0</subfield><subfield code="h">N</subfield><subfield code="i">0</subfield><subfield code="j">121</subfield></datafield><datafield tag="995" ind1=" " ind2=" "><subfield code="a">dedup4ef3702e51ebb</subfield></datafield></record>