
<record><leader>01137cam a22002897a 4500</leader><controlfield tag="001">jykdok.99899</controlfield><controlfield tag="005">20090610085546.0</controlfield><controlfield tag="008">820210s1981    fi |||||||||||||||p|fin||</controlfield><datafield tag="020" ind1=" " ind2=" "><subfield code="a">951-717-966-9 (sid.) :</subfield><subfield code="c">48 mk</subfield></datafield><datafield tag="035" ind1=" " ind2=" "><subfield code="a">99899</subfield></datafield><datafield tag="041" ind1="0" ind2=" "><subfield code="a">fin</subfield></datafield><datafield tag="080" ind1=" " ind2=" "><subfield code="a">894.541</subfield><subfield code="x">-1</subfield></datafield><datafield tag="080" ind1=" " ind2=" "><subfield code="a">398</subfield></datafield><datafield tag="130" ind1="0" ind2=" "><subfield code="a">Kanteletar.</subfield></datafield><datafield tag="245" ind1="1" ind2="0"><subfield code="a">Kanteletar elikkä Suomen kansan vanhoja lauluja ja virsiä.</subfield></datafield><datafield tag="250" ind1=" " ind2=" "><subfield code="a">13. p., [lisäp.].</subfield></datafield><datafield tag="260" ind1=" " ind2=" "><subfield code="a">Hki :</subfield><subfield code="b">Suomalaisen kirjallisuuden seura,</subfield><subfield code="c">[1981]</subfield><subfield code="e">(Tampere :</subfield><subfield code="f">Tampereen kirjap.,</subfield><subfield code="g">1966)</subfield></datafield><datafield tag="300" ind1=" " ind2=" "><subfield code="a">[2], LIII, 383 s. ;</subfield><subfield code="c">22 cm.</subfield></datafield><datafield tag="500" ind1=" " ind2=" "><subfield code="a">Lisäpainokset: 14. p. 1982.</subfield></datafield><datafield tag="500" ind1=" " ind2=" "><subfield code="a">13. p. 1966.</subfield></datafield><datafield tag="593" ind1=" " ind2=" "><subfield code="a">HKIRp11, AYKIRa05</subfield></datafield><datafield tag="852" ind1="8" ind2=" "><subfield code="b">113</subfield><subfield code="h">P Kaunok suom Kanteletar elikkä Suomen</subfield><subfield code="t">Copy 2</subfield><subfield code="9">JYK</subfield></datafield><datafield tag="852" ind1="8" ind2=" "><subfield code="b">121</subfield><subfield code="h">P JAb Kanteletar</subfield><subfield code="t">Copy 1</subfield><subfield code="9">JYK</subfield></datafield><datafield tag="852" ind1=" " ind2=" "><subfield code="a">FI-P</subfield><subfield code="c">Kaunok suom</subfield><subfield code="t">10</subfield></datafield><datafield tag="852" ind1=" " ind2=" "><subfield code="a">FI-P</subfield><subfield code="c">JAb</subfield></datafield><datafield tag="949" ind1=" " ind2=" "><subfield code="a">jykdb</subfield><subfield code="b">JYK</subfield><subfield code="c">*Pääkirjasto. Kaunokirjall. 1.krs. Laina-aika 14-28 vrk.</subfield><subfield code="d">P Kaunok suom Kanteletar elikkä Suomen</subfield><subfield code="e">available</subfield><subfield code="f">10</subfield><subfield code="g">1</subfield><subfield code="h">N</subfield><subfield code="i">598</subfield><subfield code="j">113</subfield></datafield><datafield tag="949" ind1=" " ind2=" "><subfield code="a">jykdb</subfield><subfield code="b">JYK</subfield><subfield code="c">Pääkirjasto. Vapaakappaleet. Varasto. Ei kotilainaan</subfield><subfield code="d">P JAb Kanteletar</subfield><subfield code="e">available</subfield><subfield code="f">1</subfield><subfield code="g">0</subfield><subfield code="h">N</subfield><subfield code="i">0</subfield><subfield code="j">121</subfield></datafield><datafield tag="995" ind1=" " ind2=" "><subfield code="a">dedup4efdc37db6a18</subfield></datafield></record>