
<record><leader>01192cam a22003494a 4500</leader><controlfield tag="001">jykdok.999079</controlfield><controlfield tag="005">20110127145828.0</controlfield><controlfield tag="008">060331s2006    fi ||||jr|||||||||||fin||</controlfield><datafield tag="015" ind1=" " ind2=" "><subfield code="a">fx821733</subfield><subfield code="2">skl</subfield></datafield><datafield tag="020" ind1=" " ind2=" "><subfield code="a">951-23-4754-7 (sid.)</subfield></datafield><datafield tag="035" ind1=" " ind2=" "><subfield code="a">999079</subfield></datafield><datafield tag="041" ind1="0" ind2=" "><subfield code="a">fin</subfield></datafield><datafield tag="080" ind1=" " ind2=" "><subfield code="a">39</subfield><subfield code="x">(024.7)</subfield></datafield><datafield tag="080" ind1=" " ind2=" "><subfield code="a">39</subfield><subfield code="x">(02.053.2)</subfield></datafield><datafield tag="084" ind1=" " ind2=" "><subfield code="a">30.8</subfield><subfield code="2">ykl</subfield></datafield><datafield tag="100" ind1="1" ind2=" "><subfield code="a">Löhönen, Vesa.</subfield></datafield><datafield tag="245" ind1="1" ind2="0"><subfield code="a">Lasten lakikirja /</subfield><subfield code="c">teksti: Vesa Löhönen ; kuvitus: Jukka Laukkanen.</subfield></datafield><datafield tag="260" ind1=" " ind2=" "><subfield code="a">Hämeenlinna :</subfield><subfield code="b">Karisto,</subfield><subfield code="c">2006</subfield><subfield code="f">(Karisto oy:n kirjapaino)</subfield></datafield><datafield tag="300" ind1=" " ind2=" "><subfield code="a">47, [1] s. :</subfield><subfield code="b">kuv. ;</subfield><subfield code="c">23 cm.</subfield></datafield><datafield tag="500" ind1=" " ind2=" "><subfield code="a">Lisäpainokset: 2. p. 2010.</subfield></datafield><datafield tag="595" ind1=" " ind2=" "><subfield code="a">2. p. 2010</subfield></datafield><datafield tag="650" ind1=" " ind2="7"><subfield code="a">käytösoppaat</subfield><subfield code="2">ysa</subfield></datafield><datafield tag="650" ind1=" " ind2="7"><subfield code="a">lapset</subfield><subfield code="2">ysa</subfield></datafield><datafield tag="650" ind1=" " ind2="7"><subfield code="a">tavat</subfield><subfield code="2">ysa</subfield></datafield><datafield tag="650" ind1=" " ind2="7"><subfield code="a">tapakasvatus</subfield><subfield code="2">ysa</subfield></datafield><datafield tag="700" ind1="1" ind2=" "><subfield code="a">Laukkanen, Jukka.</subfield></datafield><datafield tag="852" ind1="8" ind2=" "><subfield code="b">1210</subfield><subfield code="h">P 0216109</subfield><subfield code="z">2. p. 2010</subfield><subfield code="9">JYK</subfield></datafield><datafield tag="852" ind1="8" ind2=" "><subfield code="b">121</subfield><subfield code="h">P 0157770</subfield><subfield code="z">1. p. 2006</subfield><subfield code="9">JYK</subfield></datafield><datafield tag="852" ind1=" " ind2=" "><subfield code="a">FI-P</subfield><subfield code="c">0157770</subfield></datafield><datafield tag="852" ind1=" " ind2=" "><subfield code="a">P</subfield><subfield code="c">0216109</subfield></datafield><datafield tag="949" ind1=" " ind2=" "><subfield code="a">jykdb</subfield><subfield code="b">JYK</subfield><subfield code="c">Pääkirjasto. Vapaakappaleet. Varasto. Ei kotilainaan</subfield><subfield code="d">P 0216109</subfield><subfield code="e">available</subfield><subfield code="f">1</subfield><subfield code="g">0</subfield><subfield code="h">N</subfield><subfield code="i">0</subfield><subfield code="j">1210</subfield></datafield><datafield tag="949" ind1=" " ind2=" "><subfield code="a">jykdb</subfield><subfield code="b">JYK</subfield><subfield code="c">Pääkirjasto. Vapaakappaleet. Varasto. Ei kotilainaan</subfield><subfield code="d">P 0157770</subfield><subfield code="e">available</subfield><subfield code="f">1</subfield><subfield code="g">0</subfield><subfield code="h">N</subfield><subfield code="i">0</subfield><subfield code="j">121</subfield></datafield><datafield tag="995" ind1=" " ind2=" "><subfield code="a">dedup4efdbfc4d8de4</subfield></datafield></record>