
<record><leader>01482cem a22004214a 4500</leader><controlfield tag="001">jykdok.999169</controlfield><controlfield tag="005">20110817090209.0</controlfield><controlfield tag="007">ad|cac  </controlfield><controlfield tag="008">060509s2006    fi ekz |||e|||||||||fin||</controlfield><datafield tag="015" ind1=" " ind2=" "><subfield code="a">fx825173</subfield><subfield code="2">skl</subfield></datafield><datafield tag="020" ind1=" " ind2=" "><subfield code="a">951-49-0543-1 (nid.)</subfield></datafield><datafield tag="020" ind1=" " ind2=" "><subfield code="a">978-951-49-0543-8 (nid.)</subfield></datafield><datafield tag="034" ind1="1" ind2=" "><subfield code="a">a</subfield><subfield code="b">00040000</subfield></datafield><datafield tag="035" ind1=" " ind2=" "><subfield code="a">999169</subfield></datafield><datafield tag="041" ind1="0" ind2=" "><subfield code="a">fin</subfield></datafield><datafield tag="045" ind1=" " ind2=" "><subfield code="b">d2006</subfield></datafield><datafield tag="072" ind1=" " ind2="7"><subfield code="a">11.1</subfield><subfield code="2">kkaa</subfield></datafield><datafield tag="245" ind1="0" ind2="0"><subfield code="a">Merikarttasarja.</subfield><subfield code="n">M,</subfield><subfield code="p">Savonlinna-Kuopio</subfield><subfield code="h">[Kartta-aineisto].</subfield></datafield><datafield tag="255" ind1=" " ind2=" "><subfield code="a">1:40000 ;</subfield><subfield code="b">keskiparalleeli 62⁰20'P.</subfield></datafield><datafield tag="260" ind1=" " ind2=" "><subfield code="a">Helsinki :</subfield><subfield code="b">Merenkulkulaitos :</subfield><subfield code="b">WSOY,</subfield><subfield code="c">2006.</subfield></datafield><datafield tag="300" ind1=" " ind2=" "><subfield code="a">1 kartasto ([54] s.) :</subfield><subfield code="b">24 karttaa, vär. ;</subfield><subfield code="c">42 x 60 cm.</subfield></datafield><datafield tag="500" ind1=" " ind2=" "><subfield code="a">Tietoa vesillä liikkujille</subfield></datafield><datafield tag="500" ind1=" " ind2=" "><subfield code="a">Kartan esitystekniikka: maastokartta. - Oikaistu 10.1.2006.</subfield></datafield><datafield tag="500" ind1=" " ind2=" "><subfield code="a">Kartassa kertovaa tekstiä. - EUREF-FIN koordinaattijärjestelmässä.</subfield></datafield><datafield tag="505" ind1="0" ind2=" "><subfield code="a">Sisältää erikoiskarttoja</subfield></datafield><datafield tag="650" ind1=" " ind2="7"><subfield code="a">merikartat</subfield><subfield code="2">ysa</subfield></datafield><datafield tag="650" ind1=" " ind2="7"><subfield code="a">sisävesiväylät</subfield><subfield code="2">ysa</subfield></datafield><datafield tag="650" ind1=" " ind2="7"><subfield code="a">kartat</subfield><subfield code="2">ysa</subfield></datafield><datafield tag="650" ind1=" " ind2="7"><subfield code="a">sisävesiliikenne</subfield><subfield code="2">ysa</subfield></datafield><datafield tag="650" ind1=" " ind2="7"><subfield code="a">veneily</subfield><subfield code="2">ysa</subfield></datafield><datafield tag="650" ind1=" " ind2="7"><subfield code="a">vesiliikenne</subfield><subfield code="2">ysa</subfield></datafield><datafield tag="651" ind1=" " ind2="7"><subfield code="a">Vuoksen vesistö</subfield><subfield code="2">ysa</subfield></datafield><datafield tag="651" ind1=" " ind2="7"><subfield code="a">Saimaa</subfield><subfield code="2">ysa</subfield></datafield><datafield tag="710" ind1="1" ind2=" "><subfield code="a">Merenkulkulaitos.</subfield></datafield><datafield tag="740" ind1="0" ind2=" "><subfield code="a">Savonlinna-Kuopio.</subfield></datafield><datafield tag="852" ind1="8" ind2=" "><subfield code="b">121</subfield><subfield code="h">P JAc Merikarttasarja. M ; Savonlinna-Kuopio</subfield><subfield code="9">JYK</subfield></datafield><datafield tag="852" ind1=" " ind2=" "><subfield code="a">FI-P</subfield><subfield code="c">JAc</subfield></datafield><datafield tag="949" ind1=" " ind2=" "><subfield code="a">jykdb</subfield><subfield code="b">JYK</subfield><subfield code="c">Pääkirjasto. Vapaakappaleet. Varasto. Ei kotilainaan</subfield><subfield code="d">P JAc Merikarttasarja. M ; Savonlinna-Kuopio</subfield><subfield code="e">available</subfield><subfield code="f">1</subfield><subfield code="g">0</subfield><subfield code="h">N</subfield><subfield code="i">0</subfield><subfield code="j">121</subfield></datafield><datafield tag="995" ind1=" " ind2=" "><subfield code="a">dedup4efdcf78aa9f4</subfield></datafield></record>