
<record><leader>00781cam a22002414a 4500</leader><controlfield tag="001">jykdok.999259</controlfield><controlfield tag="005">20081216100320.0</controlfield><controlfield tag="008">060411s2006    fi ||||jr|||||||||f|fin||</controlfield><datafield tag="020" ind1=" " ind2=" "><subfield code="a">951-32-2174-1 (sid.)</subfield></datafield><datafield tag="035" ind1=" " ind2=" "><subfield code="a">999259</subfield></datafield><datafield tag="041" ind1="0" ind2=" "><subfield code="a">fin</subfield></datafield><datafield tag="080" ind1=" " ind2=" "><subfield code="a">894.541</subfield><subfield code="x">-3</subfield><subfield code="x">(024.7)</subfield></datafield><datafield tag="100" ind1="1" ind2=" "><subfield code="a">Koskimies, Pirkko.</subfield></datafield><datafield tag="245" ind1="1" ind2="0"><subfield code="a">Mihin menet, Pupu Tupuna? /</subfield><subfield code="c">Pirkko Koskimies, Maija Lindgren.</subfield></datafield><datafield tag="250" ind1=" " ind2=" "><subfield code="a">Uud. p.</subfield></datafield><datafield tag="260" ind1=" " ind2=" "><subfield code="a">[Helsinki] :</subfield><subfield code="b">Sanoma Magazines Finland,</subfield><subfield code="c">2006</subfield><subfield code="e">(Hämeenlinna :</subfield><subfield code="f">Karisto)</subfield></datafield><datafield tag="300" ind1=" " ind2=" "><subfield code="a">[32] s. :</subfield><subfield code="b">kuv. ;</subfield><subfield code="c">30 cm.</subfield></datafield><datafield tag="579" ind1=" " ind2=" "><subfield code="a">XPOIMITTU</subfield></datafield><datafield tag="700" ind1="1" ind2=" "><subfield code="a">Lindgrén, Maija.</subfield></datafield><datafield tag="852" ind1="8" ind2=" "><subfield code="b">121</subfield><subfield code="h">P 0157859</subfield><subfield code="9">JYK</subfield></datafield><datafield tag="852" ind1=" " ind2=" "><subfield code="a">FI-P</subfield><subfield code="c">0157859</subfield></datafield><datafield tag="904" ind1=" " ind2=" "><subfield code="a">p</subfield></datafield><datafield tag="949" ind1=" " ind2=" "><subfield code="a">jykdb</subfield><subfield code="b">JYK</subfield><subfield code="c">Pääkirjasto. Vapaakappaleet. Varasto. Ei kotilainaan</subfield><subfield code="d">P 0157859</subfield><subfield code="e">available</subfield><subfield code="f">1</subfield><subfield code="g">0</subfield><subfield code="h">N</subfield><subfield code="i">0</subfield><subfield code="j">121</subfield></datafield><datafield tag="995" ind1=" " ind2=" "><subfield code="a">dedup4ef379735f883</subfield></datafield></record>