
<record><leader>00736cam a22002177a 4500</leader><controlfield tag="001">jykdok.99935</controlfield><controlfield tag="005">20081215152603.0</controlfield><controlfield tag="008">851217s1978    fi |||||||||||||||||fin||</controlfield><datafield tag="020" ind1=" " ind2=" "><subfield code="a">951-720-288-1 (nid.)</subfield></datafield><datafield tag="035" ind1=" " ind2=" "><subfield code="a">99935</subfield></datafield><datafield tag="041" ind1="0" ind2=" "><subfield code="a">fin</subfield></datafield><datafield tag="080" ind1=" " ind2=" "><subfield code="a">624</subfield></datafield><datafield tag="080" ind1=" " ind2=" "><subfield code="a">72</subfield></datafield><datafield tag="100" ind1="1" ind2=" "><subfield code="a">Turku, Arvo.</subfield></datafield><datafield tag="245" ind1="1" ind2="0"><subfield code="a">Puiset runkorakenteet n x 3M moduulijärjestelmässä /</subfield><subfield code="c">Arvo Turku.</subfield></datafield><datafield tag="260" ind1=" " ind2=" "><subfield code="a">Tampere :</subfield><subfield code="b">Tampereen teknillinen korkeakoulu,</subfield><subfield code="c">1978.</subfield></datafield><datafield tag="300" ind1=" " ind2=" "><subfield code="a">[7], 165 lehteä :</subfield><subfield code="b">kuv. ;</subfield><subfield code="c">30 cm.</subfield></datafield><datafield tag="490" ind1="1" ind2=" "><subfield code="a">Raportti / Tampereen teknillinen korkeakoulu. Arkkitehtuurin osasto,</subfield><subfield code="x">0356-4843;</subfield><subfield code="v">63</subfield></datafield><datafield tag="852" ind1=" " ind2=" "><subfield code="b">121</subfield><subfield code="9">JYK</subfield></datafield><datafield tag="903" ind1=" " ind2=" "><subfield code="a">b</subfield></datafield><datafield tag="949" ind1=" " ind2=" "><subfield code="a">jykdb</subfield><subfield code="b">JYK</subfield><subfield code="c">Pääkirjasto. Vapaakappaleet. Varasto. Ei kotilainaan</subfield><subfield code="e">available</subfield><subfield code="f">1</subfield><subfield code="g">0</subfield><subfield code="h">N</subfield><subfield code="i">0</subfield><subfield code="j">121</subfield></datafield><datafield tag="995" ind1=" " ind2=" "><subfield code="a">dedup4efdd2b22cb41</subfield></datafield></record>