
<record><leader>00992cam a22003134a 4500</leader><controlfield tag="001">jykdok.999530</controlfield><controlfield tag="005">20081216100330.0</controlfield><controlfield tag="008">060601s2006    fi |||||||||||||||||fin||</controlfield><datafield tag="015" ind1=" " ind2=" "><subfield code="a">fx827582</subfield><subfield code="2">skl</subfield></datafield><datafield tag="020" ind1=" " ind2=" "><subfield code="a">951-593-951-8 (nid.)</subfield></datafield><datafield tag="035" ind1=" " ind2=" "><subfield code="a">999530</subfield></datafield><datafield tag="041" ind1="0" ind2=" "><subfield code="a">fin</subfield></datafield><datafield tag="080" ind1=" " ind2=" "><subfield code="a">914.80</subfield></datafield><datafield tag="084" ind1=" " ind2=" "><subfield code="a">42.3</subfield><subfield code="2">ykl</subfield></datafield><datafield tag="100" ind1="1" ind2=" "><subfield code="a">Iltanen, Jussi.</subfield></datafield><datafield tag="245" ind1="1" ind2="0"><subfield code="a">Matkaopas :</subfield><subfield code="b">Uusimaa /</subfield><subfield code="c">teksti: Jussi Iltanen ; kuvat: Aila Rantanen et al.</subfield></datafield><datafield tag="260" ind1=" " ind2=" "><subfield code="a">[Vantaa] :</subfield><subfield code="b">Genimap,</subfield><subfield code="c">2006</subfield><subfield code="e">(Porvoo :</subfield><subfield code="f">WS Bookwell)</subfield></datafield><datafield tag="300" ind1=" " ind2=" "><subfield code="a">176 s. :</subfield><subfield code="b">kuv., kartt. ;</subfield><subfield code="c">25 cm +</subfield><subfield code="e">karttaliite.</subfield></datafield><datafield tag="490" ind1="1" ind2=" "><subfield code="a">Matkaoppaat</subfield></datafield><datafield tag="650" ind1=" " ind2="7"><subfield code="a">matkaoppaat</subfield><subfield code="2">ysa</subfield></datafield><datafield tag="650" ind1=" " ind2="7"><subfield code="a">nähtävyydet</subfield><subfield code="2">ysa</subfield></datafield><datafield tag="651" ind1=" " ind2="7"><subfield code="a">Uusimaa</subfield><subfield code="2">ysa</subfield></datafield><datafield tag="651" ind1=" " ind2="7"><subfield code="a">Itä-Uusimaa</subfield><subfield code="2">ysa</subfield></datafield><datafield tag="700" ind1="1" ind2=" "><subfield code="a">Rantanen, Aila.</subfield></datafield><datafield tag="740" ind1="0" ind2=" "><subfield code="a">Uusimaa.</subfield></datafield><datafield tag="830" ind1=" " ind2="0"><subfield code="a">Matkaoppaat</subfield></datafield><datafield tag="852" ind1="8" ind2=" "><subfield code="b">121</subfield><subfield code="h">P 0157980</subfield><subfield code="z">Kirja ja kartta</subfield><subfield code="9">JYK</subfield></datafield><datafield tag="852" ind1=" " ind2=" "><subfield code="a">FI-P</subfield><subfield code="c">0157980</subfield></datafield><datafield tag="949" ind1=" " ind2=" "><subfield code="a">jykdb</subfield><subfield code="b">JYK</subfield><subfield code="c">Pääkirjasto. Vapaakappaleet. Varasto. Ei kotilainaan</subfield><subfield code="d">P 0157980</subfield><subfield code="e">available</subfield><subfield code="f">1</subfield><subfield code="g">0</subfield><subfield code="h">N</subfield><subfield code="i">1</subfield><subfield code="j">121</subfield></datafield><datafield tag="995" ind1=" " ind2=" "><subfield code="a">dedup4efdc3e1b3559</subfield></datafield></record>