
<record><leader>01654cam a22004574a 4500</leader><controlfield tag="001">jykdok.999626</controlfield><controlfield tag="005">20081216100335.0</controlfield><controlfield tag="008">990824s1998    be |||||||||||||||||fin||</controlfield><datafield tag="027" ind1=" " ind2=" "><subfield code="a">CH-87-98-002-FI-C</subfield></datafield><datafield tag="035" ind1=" " ind2=" "><subfield code="a">999626</subfield></datafield><datafield tag="041" ind1="0" ind2=" "><subfield code="a">fin</subfield></datafield><datafield tag="080" ind1=" " ind2=" "><subfield code="a">63/64</subfield><subfield code="x">(4)</subfield></datafield><datafield tag="080" ind1=" " ind2=" "><subfield code="a">338.435</subfield><subfield code="x">(4)</subfield></datafield><datafield tag="080" ind1=" " ind2=" "><subfield code="a">339.923 EU</subfield></datafield><datafield tag="080" ind1=" " ind2=" "><subfield code="a">631.1</subfield><subfield code="x">(4)</subfield></datafield><datafield tag="080" ind1=" " ind2=" "><subfield code="a">338.43</subfield><subfield code="x">(4)</subfield></datafield><datafield tag="245" ind1="0" ind2="0"><subfield code="a">Yhteisen maatalouspolitiikan uudistus :</subfield><subfield code="b">naudanliha-ala : Agenda 2000: kohti vahvempaa ja laajempaa Euroopan unionia /</subfield><subfield code="c">Euroopan komissio, maatalouden pääosasto (PO VI).</subfield></datafield><datafield tag="260" ind1=" " ind2=" "><subfield code="a">[Bryssel] :</subfield><subfield code="b">Euroopan komissio,</subfield><subfield code="c">1998.</subfield></datafield><datafield tag="300" ind1=" " ind2=" "><subfield code="a">3 s.</subfield></datafield><datafield tag="490" ind1="1" ind2=" "><subfield code="a">Maatalous ja maaseudun kehittäminen / Euroopan unioni</subfield></datafield><datafield tag="490" ind1="1" ind2=" "><subfield code="a">Fact-sheet</subfield></datafield><datafield tag="500" ind1=" " ind2=" "><subfield code="a">Lisäpainokset: 2. p. 1998.</subfield></datafield><datafield tag="590" ind1=" " ind2=" "><subfield code="a">EU-kokoelma</subfield></datafield><datafield tag="595" ind1=" " ind2=" "><subfield code="a">2. p. 1998</subfield></datafield><datafield tag="610" ind1="2" ind2="4"><subfield code="a">Euroopan unioni.</subfield></datafield><datafield tag="650" ind1=" " ind2="7"><subfield code="a">EU-maat</subfield><subfield code="2">ysa</subfield></datafield><datafield tag="650" ind1=" " ind2="7"><subfield code="a">maatalouspolitiikka</subfield><subfield code="2">ysa</subfield></datafield><datafield tag="650" ind1=" " ind2="7"><subfield code="a">maaseutupolitiikka</subfield><subfield code="2">ysa</subfield></datafield><datafield tag="650" ind1=" " ind2="7"><subfield code="a">lihateollisuus</subfield><subfield code="2">ysa</subfield></datafield><datafield tag="650" ind1=" " ind2="7"><subfield code="a">naudanliha</subfield><subfield code="2">ysa</subfield></datafield><datafield tag="650" ind1=" " ind2="7"><subfield code="a">tuotanto</subfield><subfield code="2">ysa</subfield></datafield><datafield tag="650" ind1=" " ind2="7"><subfield code="a">EU-länder</subfield><subfield code="2">allars</subfield></datafield><datafield tag="650" ind1=" " ind2="7"><subfield code="a">landsbygdspolitik</subfield><subfield code="2">allars</subfield></datafield><datafield tag="650" ind1=" " ind2="7"><subfield code="a">lantbrukspolitik</subfield><subfield code="2">allars</subfield></datafield><datafield tag="710" ind1="2" ind2=" "><subfield code="a">Euroopan komissio.</subfield><subfield code="b">Maatalouden pääosasto.</subfield></datafield><datafield tag="740" ind1="0" ind2=" "><subfield code="a">Naudanliha-ala.</subfield></datafield><datafield tag="740" ind1="0" ind2=" "><subfield code="a">Agenda 2000: kohti vahvempaa ja laajempaa Euroopan unionia.</subfield></datafield><datafield tag="830" ind1=" " ind2="0"><subfield code="a">Maatalous ja maaseudun kehittäminen / Euroopan unioni</subfield></datafield><datafield tag="830" ind1=" " ind2="0"><subfield code="a">Fact-sheet</subfield></datafield><datafield tag="852" ind1="8" ind2=" "><subfield code="b">124</subfield><subfield code="h">P EU Kirj Yhteisen maatalouspolitiikan ...</subfield><subfield code="9">JYK</subfield></datafield><datafield tag="949" ind1=" " ind2=" "><subfield code="a">jykdb</subfield><subfield code="b">JYK</subfield><subfield code="c">*Pääkirjasto. EU-kokoelma. 2.krs. Laina-aika 28 vrk.</subfield><subfield code="d">P EU Kirj Yhteisen maatalouspolitiikan ...</subfield><subfield code="e">available</subfield><subfield code="f">1</subfield><subfield code="g">0</subfield><subfield code="h">N</subfield><subfield code="i">0</subfield><subfield code="j">124</subfield></datafield><datafield tag="995" ind1=" " ind2=" "><subfield code="a">jykdok.999626</subfield></datafield></record>