
<record><leader>00859cam a22002417a 4500</leader><controlfield tag="001">jykdok.99972</controlfield><controlfield tag="005">20081215152604.0</controlfield><controlfield tag="008">851112s1978    fi |||||||||||||||||fin||</controlfield><datafield tag="020" ind1=" " ind2=" "><subfield code="a">951-720-340-3 (nid.)</subfield></datafield><datafield tag="035" ind1=" " ind2=" "><subfield code="a">99972</subfield></datafield><datafield tag="041" ind1="0" ind2=" "><subfield code="a">fin</subfield><subfield code="b">eng</subfield></datafield><datafield tag="080" ind1=" " ind2=" "><subfield code="a">55</subfield></datafield><datafield tag="080" ind1=" " ind2=" "><subfield code="a">624</subfield></datafield><datafield tag="100" ind1="1" ind2=" "><subfield code="a">Lappalainen, Veikko.</subfield></datafield><datafield tag="245" ind1="1" ind2="0"><subfield code="a">Lähi-idän geologiset ja rakennusgeologiset olosuhteet /</subfield><subfield code="c">Veikko Lappalainen.</subfield></datafield><datafield tag="260" ind1=" " ind2=" "><subfield code="a">Tampere :</subfield><subfield code="b">Tampereen teknillinen korkeakoulu,</subfield><subfield code="c">1978.</subfield></datafield><datafield tag="300" ind1=" " ind2=" "><subfield code="a">[3], 53 lehteä :</subfield><subfield code="b">kuv., kartt. ;</subfield><subfield code="c">30 cm.</subfield></datafield><datafield tag="490" ind1="1" ind2=" "><subfield code="a">Raportti / Tampereen teknillinen korkeakoulu. Rakennustekniikan osasto. Rakennusgeologia,</subfield><subfield code="x">0359-890X;</subfield><subfield code="v">no 5</subfield></datafield><datafield tag="500" ind1=" " ind2=" "><subfield code="a">Sarjalla myös engl. nimeke.</subfield></datafield><datafield tag="520" ind1=" " ind2=" "><subfield code="a">Summary.</subfield></datafield><datafield tag="852" ind1=" " ind2=" "><subfield code="b">121</subfield><subfield code="9">JYK</subfield></datafield><datafield tag="903" ind1=" " ind2=" "><subfield code="a">b</subfield></datafield><datafield tag="949" ind1=" " ind2=" "><subfield code="a">jykdb</subfield><subfield code="b">JYK</subfield><subfield code="c">Pääkirjasto. Vapaakappaleet. Varasto. Ei kotilainaan</subfield><subfield code="e">available</subfield><subfield code="f">1</subfield><subfield code="g">0</subfield><subfield code="h">N</subfield><subfield code="i">0</subfield><subfield code="j">121</subfield></datafield><datafield tag="995" ind1=" " ind2=" "><subfield code="a">dedup4efdd00916c3b</subfield></datafield></record>