
<record><leader>01010cam a22003374a 4500</leader><controlfield tag="001">jykdok.999813</controlfield><controlfield tag="005">20081216100342.0</controlfield><controlfield tag="008">060428s2006    fi |||||||||||||||f|fin||</controlfield><datafield tag="015" ind1=" " ind2=" "><subfield code="a">fx824252</subfield><subfield code="2">skl</subfield></datafield><datafield tag="020" ind1=" " ind2=" "><subfield code="a">951-0-31940-6 (sid.)</subfield></datafield><datafield tag="035" ind1=" " ind2=" "><subfield code="a">999813</subfield></datafield><datafield tag="041" ind1="0" ind2=" "><subfield code="a">fin</subfield></datafield><datafield tag="072" ind1=" " ind2="7"><subfield code="a">65</subfield><subfield code="2">kkaa</subfield></datafield><datafield tag="080" ind1=" " ind2=" "><subfield code="a">08</subfield></datafield><datafield tag="080" ind1=" " ind2=" "><subfield code="a">32</subfield></datafield><datafield tag="080" ind1=" " ind2=" "><subfield code="a">304</subfield></datafield><datafield tag="084" ind1=" " ind2=" "><subfield code="a">04</subfield><subfield code="2">ykl</subfield></datafield><datafield tag="084" ind1=" " ind2=" "><subfield code="a">32.01</subfield><subfield code="2">ykl</subfield></datafield><datafield tag="100" ind1="1" ind2=" "><subfield code="a">Haavikko, Paavo.</subfield></datafield><datafield tag="245" ind1="1" ind2="0"><subfield code="a">Ei. Siis kyllä :</subfield><subfield code="b">proosaa /</subfield><subfield code="c">Paavo Haavikko.</subfield></datafield><datafield tag="260" ind1=" " ind2=" "><subfield code="a">Helsinki :</subfield><subfield code="b">WSOY,</subfield><subfield code="c">2006</subfield><subfield code="e">(Juva :</subfield><subfield code="f">WS Bookwell)</subfield></datafield><datafield tag="300" ind1=" " ind2=" "><subfield code="a">83 s. ;</subfield><subfield code="c">21 cm.</subfield></datafield><datafield tag="650" ind1=" " ind2="7"><subfield code="a">yhteiskuntakritiikki</subfield><subfield code="2">ysa</subfield></datafield><datafield tag="650" ind1=" " ind2="7"><subfield code="a">kansainvälinen politiikka</subfield><subfield code="2">ysa</subfield></datafield><datafield tag="650" ind1=" " ind2="7"><subfield code="a">poliittinen kulttuuri</subfield><subfield code="2">ysa</subfield></datafield><datafield tag="650" ind1=" " ind2="7"><subfield code="a">samhällskritik</subfield><subfield code="2">allars</subfield></datafield><datafield tag="650" ind1=" " ind2="7"><subfield code="a">internationell politik</subfield><subfield code="2">allars</subfield></datafield><datafield tag="650" ind1=" " ind2="7"><subfield code="a">politisk kultur</subfield><subfield code="2">allars</subfield></datafield><datafield tag="852" ind1="8" ind2=" "><subfield code="b">121</subfield><subfield code="h">P 0158387</subfield><subfield code="9">JYK</subfield></datafield><datafield tag="852" ind1=" " ind2=" "><subfield code="a">FI-P</subfield><subfield code="c">0158387</subfield></datafield><datafield tag="949" ind1=" " ind2=" "><subfield code="a">jykdb</subfield><subfield code="b">JYK</subfield><subfield code="c">Pääkirjasto. Vapaakappaleet. Varasto. Ei kotilainaan</subfield><subfield code="d">P 0158387</subfield><subfield code="e">available</subfield><subfield code="f">1</subfield><subfield code="g">0</subfield><subfield code="h">N</subfield><subfield code="i">0</subfield><subfield code="j">121</subfield></datafield><datafield tag="995" ind1=" " ind2=" "><subfield code="a">dedup4efdc566275ee</subfield></datafield></record>