
<record><leader>01544cam a22004814a 4500</leader><controlfield tag="001">jykdok.999908</controlfield><controlfield tag="005">20081216100346.0</controlfield><controlfield tag="008">060516s2006    fi ||||||||||o||||||fin||</controlfield><datafield tag="015" ind1=" " ind2=" "><subfield code="a">fx825869</subfield><subfield code="2">skl</subfield></datafield><datafield tag="020" ind1=" " ind2=" "><subfield code="a">952-453-269-7 (nid.)</subfield></datafield><datafield tag="035" ind1=" " ind2=" "><subfield code="a">999908</subfield></datafield><datafield tag="041" ind1="0" ind2=" "><subfield code="a">fin</subfield><subfield code="b">swe</subfield></datafield><datafield tag="080" ind1=" " ind2=" "><subfield code="a">663/664</subfield></datafield><datafield tag="080" ind1=" " ind2=" "><subfield code="a">633</subfield></datafield><datafield tag="080" ind1=" " ind2=" "><subfield code="a">635</subfield></datafield><datafield tag="080" ind1=" " ind2=" "><subfield code="a">633.1</subfield></datafield><datafield tag="080" ind1=" " ind2=" "><subfield code="a">664.6/.7</subfield></datafield><datafield tag="080" ind1=" " ind2=" "><subfield code="a">339.166</subfield></datafield><datafield tag="080" ind1=" " ind2=" "><subfield code="a">338.43</subfield></datafield><datafield tag="084" ind1=" " ind2=" "><subfield code="a">67.7</subfield><subfield code="2">ykl</subfield></datafield><datafield tag="084" ind1=" " ind2=" "><subfield code="a">67.34</subfield><subfield code="2">ykl</subfield></datafield><datafield tag="100" ind1="1" ind2=" "><subfield code="a">Laakso, Jussi-Pekka.</subfield></datafield><datafield tag="245" ind1="1" ind2="0"><subfield code="a">Vilja-alan yhteistyöryhmän toiminnan arviointi :</subfield><subfield code="b">loppuraportti.</subfield></datafield><datafield tag="260" ind1=" " ind2=" "><subfield code="a">Helsinki :</subfield><subfield code="b">[Maa- ja metsätalousministeriö],</subfield><subfield code="c">2006.</subfield></datafield><datafield tag="300" ind1=" " ind2=" "><subfield code="a">66 s. :</subfield><subfield code="b">kuv. ;</subfield><subfield code="c">30 cm.</subfield></datafield><datafield tag="490" ind1="1" ind2=" "><subfield code="a">Työryhmämuistio / MMM,</subfield><subfield code="x">0781-6723;</subfield><subfield code="v">2006:13</subfield></datafield><datafield tag="500" ind1=" " ind2=" "><subfield code="a">Laatineet Jussi-Pekka Laakso ja Jukka Honkavaara.</subfield></datafield><datafield tag="520" ind1=" " ind2=" "><subfield code="a">Sammandrag: Utvärdering av spannmålsbranschens samarbetsgrupps verksamhet.</subfield></datafield><datafield tag="610" ind1="2" ind2="4"><subfield code="a">Vilja-alan yhteistyöryhmä.</subfield></datafield><datafield tag="650" ind1=" " ind2="7"><subfield code="a">viljateollisuus</subfield><subfield code="2">ysa</subfield></datafield><datafield tag="650" ind1=" " ind2="7"><subfield code="a">viljanviljely</subfield><subfield code="2">ysa</subfield></datafield><datafield tag="650" ind1=" " ind2="7"><subfield code="a">elintarvikeala</subfield><subfield code="2">ysa</subfield></datafield><datafield tag="650" ind1=" " ind2="7"><subfield code="a">maatalousala</subfield><subfield code="2">ysa</subfield></datafield><datafield tag="650" ind1=" " ind2="7"><subfield code="a">toimielimet</subfield><subfield code="2">ysa</subfield></datafield><datafield tag="650" ind1=" " ind2="7"><subfield code="a">työryhmät</subfield><subfield code="2">ysa</subfield></datafield><datafield tag="650" ind1=" " ind2="7"><subfield code="a">tuloksellisuus</subfield><subfield code="2">ysa</subfield></datafield><datafield tag="650" ind1=" " ind2="7"><subfield code="a">vaikuttavuus</subfield><subfield code="2">ysa</subfield></datafield><datafield tag="650" ind1=" " ind2="7"><subfield code="a">arviointi</subfield><subfield code="2">ysa</subfield></datafield><datafield tag="700" ind1="1" ind2=" "><subfield code="a">Honkavaara, Jukka.</subfield></datafield><datafield tag="830" ind1=" " ind2="0"><subfield code="a">Työryhmämuistio / MMM,</subfield><subfield code="x">0781-6723;</subfield><subfield code="v">2006:13</subfield></datafield><datafield tag="852" ind1="8" ind2=" "><subfield code="b">121</subfield><subfield code="h">P 0158311</subfield><subfield code="9">JYK</subfield></datafield><datafield tag="852" ind1=" " ind2=" "><subfield code="a">FI-P</subfield><subfield code="c">0158311</subfield></datafield><datafield tag="949" ind1=" " ind2=" "><subfield code="a">jykdb</subfield><subfield code="b">JYK</subfield><subfield code="c">Pääkirjasto. Vapaakappaleet. Varasto. Ei kotilainaan</subfield><subfield code="d">P 0158311</subfield><subfield code="e">available</subfield><subfield code="f">1</subfield><subfield code="g">0</subfield><subfield code="h">N</subfield><subfield code="i">0</subfield><subfield code="j">121</subfield></datafield><datafield tag="995" ind1=" " ind2=" "><subfield code="a">dedup4efdcf7977377</subfield></datafield></record>
</collection>
